4004 5736
856 347 1102 412 FRAGMENTA.
1718 364 1773 416 tet

184 497 213 552 p.
230 497 247 532 ο
266 495 274 530 r
291 474 462 540 Ποσειδώνιος
474 474 500 531 δὲ
513 473 527 530 6
540 473 654 539 Στωϊκός
665 475 842 554 σφενδονοειδῆ
856 474 900 532 καί
913 498 959 550 με·
1004 477 1089 534 λονότι
1101 476 1146 534 καί
1157 480 1174 547 ἡ
1185 475 1247 534 rarle
1256 479 1344 558 κύκλῳ
1354 478 1580 558 περιενεχθὴσεται
1589 481 1649 561 περὶ
1657 481 1701 540 τδν
1712 483 1777 560 poi·

186 563 317 622 σόπλατον
337 561 390 620 ἀπὸ
406 560 479 618 νότου
497 563 532 626 εἰς
551 565 653 639 βορρᾶν,
670 561 760 632 στενὴν
780 561 843 638 πρὸς
860 561 895 620 lm
914 562 958 620 καί
1004 587 1081 638 μονα,
1099 565 1164 624 Καθ’
1178 563 1233 634 ὃδὴ
1244 565 1290 622 καί
1299 565 1446 644 περισκίους
1457 565 1548 633 αὐτούς
1561 568 1692 641 έκάλεσεν,
1704 569 1776 630 οὐδέν

183 647 312 710 δύσιν·τά
322 648 384 726 πρὸς
397 638 469 726 εῦρον
484 648 506 704 δ’
516 650 586 722 όμως
597 647 747 726 πλατύτερα
760 648 822 727 πρὸς
835 649 957 720 Ἰνδικὴν.
1003 649 1077 717 όντας
1095 651 1159 729 πρὸς
1178 650 1225 722 τὴν
1245 651 1424 731 γεωγραφίαν·
1442 653 1472 710 ού
1492 652 1544 732 γάρ
1564 656 1632 712 tarn
1650 655 1776 732 οἰκήσιμα

225 739 382 794 Eustathius
397 739 425 792 in
439 739 471 792 ll.
489 756 519 810 p.
536 737 611 810 690,
627 737 662 802 43
678 757 684 791 :
701 733 757 805 Τὴν
770 735 797 794 δέ
808 737 959 813 οἰκουμένην
1003 743 1085 796 ταῦτα
1096 738 1129 796 rt
1142 737 1209 816 μέρη
1221 738 1263 796 διδ
1278 743 1375 818 ψῦχος,
1387 737 1477 816 ῶσπερ
1490 741 1517 797 ἰν
1530 743 1583 808 τοῖς
1596 740 1660 821 πρὸς
1671 743 1776 802 Πυθίαν

182 828 231 900 γῆν
245 821 415 888 Ποσειδώνιος
427 825 442 880 6
454 821 569 888 Στωϊκὸς
577 821 623 880 καί
635 822 767 890 Διονύσιος
781 824 958 902 σφενδονοειδὴ
1003 823 1085 902 λόγοις
1093 824 1244 904 εἰρήκαμεν.

181 933 254 990 φασι.
266 912 370 968 Eadem
381 922 460 966 notat
469 913 592 968 hastath.
602 911 637 966 ad
649 915 763 986 Dionys.
774 913 881 987 Perieg.
894 931 922 971 v.
935 914 957 967 1.
1349 947 1354 956 ·
1366 951 1413 1002 71·

546 1083 594 1134 70.
1042 1067 1173 1142 Sequitur
1185 1069 1265 1124 locus
1282 1069 1331 1141 qui
1344 1069 1379 1124 de
1392 1073 1465 1124 nouis
1479 1079 1527 1126 est.
1545 1070 1666 1126 Achilles
1682 1073 1776 1128 Tatius

1003 1171 1028 1210 c.
1043 1172 1076 1208 ια
1091 1170 1098 1210 :
1111 1153 1146 1210 Ol
1156 1150 1202 1226 μὲν
1212 1151 1263 1231 γάρ
1272 1151 1297 1218 ἓξ
1309 1152 1387 1216 αὐτάς
1398 1151 1459 1232 (τός
1471 1151 1569 1232 ζώνας)
1583 1143 1663 1228 εἶπον,
1674 1159 1709 1221 ὡς
1722 1158 1776 1216 llo·

219 1221 323 1278 sisaim
336 1223 365 1290 1,
379 1241 408 1294 P·
428 1220 482 1286 165
498 1241 504 1276 ἱ
524 1217 779 1298 '1⁸Piiiliip²⁸⁹'⁵’⁶1l
793 1223 837 1278 καὶ
852 1219 885 1280 τύ
899 1223 958 1300 nspl
1002 1235 1089 1302 λύόιος
1109 1240 1154 1294 καί
1178 1239 1364 1314 Ποσειδώνιος,
1381 1238 1428 1308 τὴν
1448 1239 1653 1316 διακεκαυμένην
1674 1243 1710 1308 εἰς
1731 1243 1777 1302 δύο

181 1309 232 1363 τῶν
246 1303 388 1385 '‘limbi’'
402 1305 446 1363 'iil
461 1305 607 1386 appositu
623 1307 668 1363 ’iil
687 1307 850 1386 ἓίῑθθσκίθθο
864 1307 881 1365 6
896 1333 957 1388 paor
1003 1323 1167 1402 διαιροῦντες.
1186 1328 1219 1380 Ιιι
1230 1327 1273 1380 lris
1286 1345 1434 1400 perperam
1449 1328 1568 1400 Polybio
1582 1331 1681 1384 sociari
1698 1333 1778 1386 Posi-

180 1393 360 1458 Ποσειδώνιος.
376 1391 510 1472 Ὅμωςγε
524 1391 675 1451 καὶτούτων
690 1393 719 1451 τό
729 1415 757 1471 γε
772 1401 891 1454 τοσοῦτον
900 1399 958 1453 έπι-
1003 1411 1119 1466 (ionium
1135 1423 1218 1486 patet,

184 1479 324 1556 μνηστέον,
338 1477 405 1538 ὥστε
415 1479 461 1551 τὴν
472 1479 588 1538 έπίνοιαν
600 1483 779 1562 διασαφῆσαι,
792 1483 836 1539 καὶ
847 1487 884 1554 πῆ
895 1484 957 1564 χρή-

180 1589 255 1642 σιμον
269 1567 335 1645 πρὸς
343 1565 391 1638 τὴν
401 1565 575 1647 γεωγραφίαν,
584 1567 629 1625 καί
641 1573 678 1638 πῆ
691 1567 830 1648 ἄχρηστον.
843 1569 918 1630 Ἐπεὶ
931 1571 957 1630 δὲ

180 1652 237 1730 περὶ
249 1655 300 1709 τῶν
311 1655 355 1732 ἀφ’
370 1652 442 1722 ἡλίου
453 1655 531 1710 σκιῶν
544 1657 557 1709 6
570 1653 644 1730 λόγος
656 1653 734 1727 ἐστίν,
751 1659 764 1714 6
778 1655 801 1712 δ’
813 1656 885 1726 ἡλιος
896 1657 957 1738 πρὸς
1041 1655 1204 1712 Cleomedcs
1212 1656 1286 1729 Cycl.
1299 1655 1401 1712 Theon.
1414 1657 1443 1722 Ι,
1454 1675 1480 1714 c.
1495 1656 1526 1724 6,
1538 1676 1568 1730 p.
1581 1663 1618 1722 io
1630 1657 1675 1717 ed.
1685 1659 1753 1715 Βοίι.
1766 1679 1772 1714 :

180 1737 300 1810 alcinon
315 1737 384 1797 κατδι
396 1737 566 1818 παραλλήλου
579 1741 698 1818 φέρεται,
712 1743 770 1799 καθ’
783 1733 813 1800 οῦ
827 1743 871 1801 καί
884 1747 897 1801 6
909 1745 957 1802 κό-
1001 1740 1189 1820 Σχσλαιότερον
1204 1739 1268 1802 δέ...
1280 1745 1325 1798 τοῦ
1335 1740 1409 1810 ἡλίου
1421 1740 1570 1819 προσιόντος
1583 1749 1636 1808 τοῖς
1645 1744 1776 1822 τροπικοῖς

179 1847 256 1901 σμος·
266 1827 328 1906 παρ’
339 1817 375 1891 οἷς
387 1827 444 1884 καθ’
455 1825 567 1898 ἑκάστην
577 1825 676 1902 κόσμου
687 1828 859 1908 περιστροφὴν
871 1831 956 1910 ἡμέρα
1002 1829 1047 1888 καί
1058 1832 1270 1908 ἀποχωροῦντος,
1282 1828 1327 1886 καί
1337 1825 1379 1886 td
1390 1836 1465 1886 τοῦτο
1475 1829 1517 1886 ε’πί
1528 1829 1606 1886 πλέον
1616 1830 1675 1907 περὶ
1686 1830 1777 1898 αύτούς

180 1915 277 1990 γίνεται
288 1913 333 1972 καί
344 1913 387 1981 νῦξ
397 1961 404 1986 ,
415 1911 456 1971 ότε
467 1913 513 1990 μὲν
525 1913 590 1994 ύπέρ
601 1920 649 1992 γῆς
660 1921 705 1974 τοῦ
716 1915 790 1986 ἡλίου
801 1919 956 1996 φερομένου,
1001 1917 1205 1996 έγχρσνίζοντος,
1216 1916 1261 1974 καὶ
1274 1919 1319 1976 οῦκ
1328 1915 1408 1974 όντων
1419 1916 1546 1984 ἀοικήτων
1560 1920 1611 1972 τῶν
1621 1919 1665 1974 6rr'
1677 1920 1775 1990 αὐτοῖς,

178 2001 219 2058 ὅτε
230 2002 252 2058 δ’
263 1999 460 2078 θπδγὴηπαρδι
471 1999 568 2068 τούτοις
578 2001 638 2060 οἵτε
648 2003 785 2083 ἀμφίσκιοι
796 2007 957 2063 έπινοοῦνται
1001 2005 1061 2066 οὐδὲ,
1074 2007 1124 2062 τῶν
1142 2001 1179 2060 έτι
1199 2003 1321 2082 ἰνάοτέρω
1341 2006 1376 2076 (ἡ
1391 2003 1441 2082 γδιρ
1456 2002 1545 2074 Συὴνη
1560 2005 1609 2062 ὑπὸ
1628 2007 1665 2083 τῷ
1684 2009 1774 2084 θερινῷ

177 2087 221 2146 καί
231 2091 255 2145 οἰ
266 2087 417 2168 ἑτερόσκιοι.
434 2087 577 2168 Ἀμφίσκιοι
594 2089 652 2164 μέν,
662 2089 792 2148 όσοικατδι
803 2091 881 2166 μέσον
892 2093 957 2166 ἡμέ-
1000 2095 1085 2148 κεῖται
1105 2089 1210 2169 κύκλῳ,
1226 2095 1242 2159 ἡ
1265 2089 1292 2148 δί
1311 2089 1432 2154 Αἰθιοπία
1448 2089 1485 2146 ἔτι
1502 2089 1598 2162 ταύτης
1615 2091 1774 2169 ἐνδοτέρω),

100 2171 107 2186 ’
178 2199 222 2254 ρας
233 2175 290 2234 τοτὲ
302 2175 350 2252 μὲν
361 2175 404 2233 tri
413 2175 475 2232 τοίδε
485 2175 631 2242 πιπτούσας
639 2177 727 2256 ἔχουσι
737 2177 783 2244 τδς
795 2177 956 2250 σκιδς,όταν
1003 2177 1054 2235 ἀπὸ
1067 2177 1164 2236 τούτων
1185 2181 1199 2236 6
1220 2177 1389 2243 Ποσειδώνιος
1404 2176 1434 2234 rb
1454 2175 1586 2252 ἐνδόσιμον
1609 2175 1709 2249 λαύὼν,
1731 2179 1775 2236 καί

177 2267 191 2320 6
207 2261 280 2334 ἥλιος
302 2261 355 2319 ἀπὸ
373 2261 539 2341 μεσημῦρίας
558 2266 596 2344 τῷ
615 2263 729 2341 γνώμονι
748 2265 899 2344 προσπίπτῃ
919 2269 956 2346 τῷ
1001 2274 1052 2322 πᾶν
1067 2265 1096 2324 τὸ
1111 2264 1161 2322 ύπδ
1175 2265 1218 2321 τὸν
1233 2264 1380 2342 ἰσημερινὸν
1393 2263 1475 2338 κλίμα
1490 2263 1612 2344 εὔκρατον
1628 2255 1694 2322 εἰναι
1711 2265 1775 2323 ῦπέ-

176 2351 243 2429 όρθῷ
261 2345 540 2428 πρδςτδθποκείμενον
557 2347 693 2422 ἰπίπεδον,
713 2349 771 2409 τοτί
791 2351 814 2408 δ’
832 2353 866 2418 εἰς
881 2353 954 2410 τοῦν·
1001 2353 1076 2412 λαόν.
1121 2351 1174 2412 Καὶ
1186 2351 1262 2409 πέντε
1275 2351 1357 2419 ζώνας
1369 2341 1435 2410 εἰναι
1448 2356 1494 2422 τῆς
1505 2355 1551 2428 γῆς
1565 2355 1616 2410 τῶν
1631 2351 1774 2428 εὐδοκίμων

177 2436 261 2495 αντίον
274 2437 337 2494 όταν
357 2439 371 2493 6
391 2433 462 2506 ἡλιος
485 2437 519 2502 εἰς
535 2437 681 2495 τούναντίον
699 2441 822 2518 περιστῇ·
832 2443 913 2516 ιτοῦτο
929 2438 955 2498 δὲ
1002 2442 1115 2518 φυσικῶν
1128 2435 1348 2518 ἀποφηναμένων,
1363 2437 1438 2504 αὐτὸς
1451 2437 1498 2508 τὴν
1510 2437 1555 2495 ὑπ’
1570 2437 1674 2522 ἐκείνων
1688 2439 1776 2496 διακε-

1365 1535 1411 1586 7²·

176 2521 329 2599 συμόέὸηκε
344 2523 430 2598 μόνοις
443 2529 495 2589 τοῖς
510 2521 605 2598 μεταξὺ
617 2527 668 2581 τῶν
680 2529 810 2604 τροπικῶν
826 2527 950 2583 οἰκοῦσιν.

176 2608 343 2690 Ἓτερόσκιοι
356 2610 377 2667 δ’
398 2607 466 2676 ὅσοις
481 2607 498 2680 ἢ
514 2610 557 2668 tri
575 2609 622 2681 τὴν
644 2609 737 2690 ἄρκτον
757 2611 797 2669 ἀεὶ
808 2609 956 2684 πίπτουσιν,

177 2695 265 2778 ῶσπερ
280 2694 384 2774 ἡμ“ι’ν,’ἰΙ
400 2697 442 2755 hri
454 2695 488 2755 τά
505 2697 591 2770 νότια,
609 2695 697 2778 ὥσπερ
713 2701 766 2764 τοῖς
788 2702 813 2757 ἐν
832 2703 864 2778 τῇ
880 2700 955 2780 ἑτέρῳ

178 2785 296 2865 εὐκράτῳ
315 2783 384 2864 ζώνῃ
399 2787 512 2844 οἰκοῦσι·
531 2789 606 2843 τοῦτο
622 2783 649 2842 δί
664 2785 801 2861 συμόαίνει
819 2795 885 2846 πᾶσι
904 2795 956 2854 τοῖς

181 2872 308 2930 ἰλάττονα
325 2872 414 2950 έχουσι
428 2877 473 2932 τοῦ
487 2877 610 2952 τροπικοῦ
624 2869 667 2930 τδν
682 2873 814 2954 ἀρκτικόν.
826 2871 913 2933 Ὅταν
929 2873 955 2956 δὲ

177 2957 220 3018 ris
232 2959 311 3019 αἰτδν
327 2959 345 3030 ἡ
361 2960 474 3036 μαίζονα,
489 2957 557 3039 ἀρχὴ
579 2962 630 3017 τῶν
645 2961 785 3038 περισκίων
804 2961 858 3018 lori
878 2961 956 3040 μέχρι

177 3049 228 3104 τῶν
237 3047 377 3106 οἰκούντων
388 3047 438 3104 θπδ
451 3051 488 3126 τῷ
499 3047 584 3128 πόλῳ.
598 3049 624 3108 Τ
625 3052 653 3104 οῦ
668 3045 719 3126 γάρ
734 3047 807 3118 ἡλίου
819 3050 878 3106 καθ’
891 3047 953 3118 όλην

176 3133 223 3204 τὴν
234 3140 279 3193 τοῦ
292 3133 392 3210 κόσμου
410 3133 585 3213 περιστροφὴν
601 3132 665 3212 ὑπὲρ
682 3138 729 3208 γῆς
740 3133 896 3214 φερομένου,
909 3135 956 3204 δη-

176 3301 210 3348 ita
221 3301 250 3348 ut
261 3299 340 3348 madia
347 3312 402 3362 pars
410 3299 481 3348 latior
491 3299 522 3348 sit
531 3311 546 3347 s
555 3297 653 3348 meridie
662 3311 744 3348 versus
752 3299 954 3360 septemtrionem,

178 3377 315 3436 angustiora
332 3375 380 3424 sint
388 3376 505 3424 orientem
517 3375 542 3425 ei
556 3374 706 3424 occidentem
716 3387 813 3436 versus,
829 3373 863 3425 ita
874 3377 954 3424 tamen

177 3455 204 3500 nt
215 3452 338 3502 orientalis
347 3464 401 3514 pars
411 3451 492 3501 ludica
503 3452 533 3501 sit
542 3451 683 3500 occidentali
696 3452 775 3502 latior.

208 3616 283 3677 tingis
293 3619 349 3664 sunt
359 3613 480 3664 lumienta
488 3629 543 3678 qun
550 3615 581 3664 de
594 3614 709 3676 Perisciis
723 3615 895 3677 Amphiseiisei
905 3617 953 3664 He·

178 3693 285 3742 toeoeciis
295 3691 437 3742 Posidonius
450 3692 562 3754 prodidit.
595 3695 706 3742 Attamen
722 3693 809 3742 horum
819 3705 916 3754 quoque
927 3705 955 3741 eo

178 3783 253 3833 usque
269 3770 360 3818 nrentio
376 3769 496 3828 iacienda,
507 3772 535 3819 ut
547 3770 695 3832 explicemus
708 3771 826 3831 quatenus
836 3771 875 3818 vei
888 3770 955 3818 utitis

177 3849 226 3898 sint
241 3859 286 3903 aa.
307 3849 345 3896 ret
363 3849 455 3898 inutilia
473 3851 616 3912 geographo.
648 3850 767 3907 οιιοοὶοιο
784 3851 867 3898 autem
881 3847 954 3898 rerba

179 3925 344 3976 tiuntdesoiis
355 3927 454 3986 umbris,
464 3931 488 3977 et
499 3928 543 3987 soi,
553 3930 669 3988 quantum
677 3941 746 3977 sensu
757 3927 900 3989 depreirendi
910 3939 954 3988 po·

177 4006 238 4064 test,
250 4003 334 4053 εοόοοι
343 4004 433 4054 circuio
441 4005 471 4054 sd
480 4018 592 4068 sumquo
601 4005 833 4065 mundnsrersatur‚
843 4005 955 4067 parallelo

178 4081 341 4140 consulitur,
353 4081 436 4144 itaque
448 4081 511 4144 apud
528 4095 590 4144 quos
600 4083 623 4131 in
638 4083 722 4131 mundi
740 4083 895 4132 conversione
905 4082 955 4130 dies

178 4159 220 4206 liet
233 4171 263 4206 eo
274 4170 346 4220 supra
358 4159 461 4218 ἰοπειο,
473 4171 523 4207 nox
536 4159 597 4208 inira
610 4161 700 4208 terram
710 4161 812 4208 vehente
820 4195 827 4220 ,
835 4159 899 4220 apud
911 4159 955 4206 hos

178 4237 309 4299 Amphiseii
321 4237 485 4299 intelliguntur
498 4241 523 4286 et
532 4238 662 4287 heteroseii
676 4238 884 4304 ramphischsnot
893 4249 955 4297 quo-

177 4327 233 4362 rnm
239 4313 351 4375 gnomoni
361 4314 406 4362 suh
415 4314 537 4362 meridiem
547 4317 626 4363 erecto
637 4316 672 4364 sol
680 4315 794 4375 affulgens
803 4315 827 4362 in
833 4313 955 4375 supposita

176 4389 276 4453 planitie
288 4391 398 4438 umbram
409 4391 480 4439 modo
491 4391 516 4438 in
529 4391 605 4450 trano,
619 4391 676 4440 alias
694 4393 718 4439 in
732 4391 850 4439 diversam
863 4393 953 4452 partem

178 4467 282 4530 projicit,
294 4468 344 4516 sole
353 4467 377 4516 in
385 4449 517 4530 oppositam
528 4468 598 4528 priori
609 4469 727 4529 regionem
743 4468 822 4517 ddato
834 4486 840 4516 :
851 4469 897 4516 imo
908 4479 953 4516 su-

1001 2530 1111 2584 καῦσθαι
1120 2523 1271 2602 λεγομένην,
1281 2523 1433 2599 οἰκουμένην
1445 2525 1489 2582 καί
1501 2523 1625 2603 εὔκρατον
1637 2515 1704 2582 εἰναι
1714 2530 1775 2582 ἀπε·

1001 2613 1111 2691 φὴνατο.
1125 2608 1214 2672 Ὅπου
1228 2611 1295 2690 γὰρ,
1315 2613 1395 2692 φησί,
1408 2612 1485 2670 πλέον
1498 2617 1542 2669 τοῦ
1554 2611 1628 2682 ἡλίου
1642 2612 1701 2690 περὶ
1719 2610 1777 2676 τοῦς

1000 2697 1135 2778 τροπικοθς
1148 2698 1338 2776 διατρίόοντος,
1352 2701 1400 2756 οὐκ
1411 2697 1481 2756 ἔστιν
1496 2697 1606 2768 ἀοίκητα
1618 2699 1652 2756 τδ
1666 2703 1711 2756 ὑπ’
1728 2701 1775 2756 αύ-

1000 2793 1068 2856 τοῖς,
1086 2785 1143 2844 οὐδὲ
1157 2783 1190 2842 τδι
1205 2783 1241 2842 ἔτι
1263 2784 1361 2843 τούτων
1375 2783 1511 2864 ἐνδοτέρω,
1529 2789 1583 2851 πῶς
1598 2788 1644 2843 ούκ
1659 2783 1689 2842 δν
1708 2785 1775 2843 πολὺ

1001 2871 1078 2930 πλέον
1092 2872 1125 2930 rit
1141 2871 1191 2929 ὑπὸ
1206 2873 1243 2948 τῷ
1257 2874 1401 2950 ἰσημερινῷ
1415 2869 1529 2950 εῦκρατα
1550 2871 1605 2942 εἰη,
1619 2869 1720 2948 ταχέως
1738 2873 1775 2950 τῷ

1001 2957 1090 3036 κύκλῳ
1104 2958 1187 3036 τούτῳ
1201 2957 1246 3014 καί
1260 2957 1409 3036 προσιόντος
1420 2963 1464 3015 τοῦ
1481 2958 1556 3026 ἡλίου
1570 2957 1614 3014 καί
1634 2955 1713 3014 πόλιν
1726 2956 1776 3036 ίσῳ

999 3043 1075 3123 τάχει
1094 3041 1269 3126 ἀφισταμένου
1286 3045 1383 3120 αἰτοῦ,
1401 3043 1446 3102 καί
1464 3042 1501 3119 μὴ
1516 3042 1704 3122 ἰγρρονίζοντος
1716 3041 1776 3120 περὶ

1000 3132 1029 3190 rb
1041 3131 1143 3208 κλίμα,
1155 3131 1200 3190 καί
1217 3130 1269 3208 μὴν
1282 3129 1324 3189 διδ
1336 3131 1444 3204 παντὸς,
1460 3131 1547 3211 φησίν,
1558 3130 1616 3200 ἴσης
1627 3133 1673 3200 τῆς
1687 3129 1776 3196 νυκτὸς

1001 3298 1105 3356 seratur,
1116 3297 1229 3346 nimirum
1245 3299 1270 3346 ei
1280 3295 1365 3346 umbra
1376 3297 1401 3344 in
1409 3295 1493 3346 orbem
1506 3295 1595 3344 ambiet
1610 3307 1753 3358 gnomonem
1768 3312 1774 3343 ι

1002 3374 1101 3424 undeet
1117 3373 1328 3437 periscios(qnu.rt
1342 3371 1546 3434 eircumumhros)
1558 3385 1599 3421 eos
1613 3372 1775 3433 nuncupavit,

1000 3451 1058 3500 nihil
1070 3449 1100 3499 ad
1110 3451 1275 3513 geographiam
1285 3450 1428 3510 attinentes,
1438 3449 1526 3510 qnippe
1535 3454 1614 3510 partes
1625 3449 1677 3496 istas
1693 3447 1724 3496 oh
1734 3449 1775 3496 iri·

1000 3543 1043 3590 gus
1057 3529 1160 3578 habitari
1171 3543 1218 3578 non
1228 3529 1342 3592 ponunt,
1354 3527 1390 3576 uti
1402 3527 1426 3576 iu
1434 3527 1576 3576 rehrtutione
1587 3525 1683 3589 Pytherc
1692 3529 1772 3575 osten-

1002 3605 1091 3654 dimus.

1368 3685 1412 3734 71.

1032 3767 1143 3817 Nonnulli
1150 3777 1197 3818 serr
1205 3780 1278 3816 mnas
1290 3765 1469 3827 essesiatuunt,
1477 3767 1505 3814 ni
1518 3765 1632 3827 Polybius
1642 3767 1668 3814 et
1677 3763 1776 3815 Posido·

1000 3846 1066 3908 nius,
1078 3845 1119 3908 qul
1128 3843 1244 3894 torridam
1254 3845 1279 3892 iu
1288 3842 1349 3892 duas
1358 3842 1482 3892 dirimunt.

1367 3927 1412 3974 72.

1031 4013 1112 4067 Quum
1121 4011 1203 4059 autem
1215 4009 1343 4071 segniuset
1358 4007 1456 4057 εοοεόσί
1476 4005 1621 4068 adtropioos
1630 4005 1665 4056 sol
1674 4007 1775 4056 etheae-

999 4087 1053 4147 dat,
1071 4099 1100 4135 ac
1115 4087 1240 4148 propterea
1251 4085 1342 4133 diutius
1352 4083 1415 4132 eirca
1426 4097 1466 4133 eos
1479 4085 1650 4144 eommoretur‚
1662 4085 1735 4143 atque
1747 4095 1777 4130 eu

999 4165 1159 4225 minuspiagae
1170 4175 1225 4224 quar
1234 4163 1262 4210 iis
1273 4161 1389 4222 subierim
1407 4163 1464 4209 sunt
1474 4159 1621 4220 habitentur,
1635 4158 1694 4220 quin
1704 4162 1728 4207 et
1741 4171 1776 4207 ea·

999 4253 1053 4302 quar
1062 4239 1109 4288 iliis
1120 4239 1244 4288 interiores
1252 4239 1308 4287 sunt
1318 4241 1408 4298 (syene
1417 4237 1481 4285 enim
1490 4235 1573 4285 uetito
1584 4235 1675 4298 tropioo
1684 4235 1775 4294 subest,

999 4320 1023 4366 et
1035 4315 1155 4378 AEthiopia
1174 4315 1273 4364 interior
1284 4315 1389 4375 etiam):
1409 4313 1465 4362 hino
1478 4325 1562 4362 ansam
1581 4315 1666 4360 nactus
1681 4311 1776 4360 Posido-

999 4395 1065 4454 nius,
1076 4395 1151 4442 totam
1163 4389 1233 4440 etiam
1245 4391 1310 4440 iiiam
1320 4392 1413 4454 plagam
1427 4403 1483 4452 ans
1498 4389 1543 4439 suh
1556 4387 1716 4450 aequnocttnt
1725 4391 1775 4448 est,

998 4475 1154 4534 temperatam
1168 4483 1218 4520 esse
1237 4471 1371 4532 suspicatus
1385 4471 1430 4518 est.
1442 4469 1473 4518 st
1488 4477 1564 4530 quum
1577 4465 1685 4527 quinque
1703 4477 1781 4514 mnas·

177 4548 227 4593 tem
244 4545 274 4593 iis
285 4543 454 4593 tantummodo
463 4545 593 4605 contingit,
603 4545 644 4606 qni
654 4545 716 4593 inter
725 4545 952 4607 tropicoshshitant
998 4555 1069 4600 terrm
1078 4561 1129 4598 οωο
1139 4547 1231 4598 nobiles
1241 4547 1331 4610 physici
1342 4545 1557 4602 demonstrassent,
1567 4541 1692 4603 ipseoam,
1702 4553 1777 4607 quam

176 4623 307 4673 hetenscii
323 4625 394 4680 sunt,
407 4621 493 4684 quibus
509 4623 619 4684 ingenus
636 4623 729 4672 umbrae
742 4625 784 4671 aut
793 4635 886 4684 semper
900 4635 953 4671 ver·
999 4629 1033 4676 itti
1050 4627 1165 4676 torridam
1179 4627 1346 4690 appellabant,
1366 4623 1497 4674 habitatam
1517 4625 1541 4671 et
1551 4621 1708 4682 temperatam
1726 4633 1778 4670 essa

176 4711 218 4748 sna
229 4699 415 4761 septentrionem
424 4697 522 4758 cadunt,
537 4702 565 4746 ut
580 4698 711 4758 nobis;aut
722 4711 805 4748 tersus
815 4699 952 4758 meridiem,
999 4705 1112 4754 ostendit.
1130 4707 1210 4760 Quum
1228 4703 1306 4766 enirn,
1325 4703 1417 4764 inquit,
1436 4713 1465 4749 aa
1483 4713 1539 4762 quae
1554 4696 1652 4760 huticis
1669 4697 1776 4757 subiecta

177 4777 205 4824 nt
216 4775 246 4825 iis
254 4776 295 4837 qui
314 4775 339 4824 in
350 4775 425 4824 altera
439 4778 571 4837 temperata
584 4788 643 4824 rona
655 4775 762 4836 degunt:
773 4789 817 4824 usu
830 4777 896 4826 venit
907 4777 953 4824 hoe
998 4785 1067 4844 sunt,
1081 4783 1105 4831 in
1117 4783 1206 4844 quibus
1216 4782 1251 4830 sol
1264 4779 1354 4830 diutius
1364 4779 1521 4839 immoratur,
1539 4775 1685 4836 habitentur,
1701 4777 1778 4836 atque

179 4852 307 4913 millius,
326 4852 368 4914 qui
386 4853 501 4900 Milium
519 4853 611 4912 ti⁰i¹l⁰⁰
626 4851 743 4902 ffll⁰⁰i⁰¹i¹
760 4852 856 4902 iubent.
890 4854 953 4902 Peri·
997 4863 1068 4911 eiiam
1089 4875 1144 4923 qnae
1160 4859 1273 4908 interiora
1292 4861 1361 4918 sunt,
1378 4857 1461 4920 quidni
1486 4855 1567 4905 multo
1584 4853 1658 4916 magis
1674 4867 1703 4902 ea
1721 4867 1778 4915 qum

178 4931 283 4978 “chium
300 4929 443 4990 dilssiliilssffl
455 4931 503 4987 ³⁸¹2
520 4929 561 4977 ⁰¹¹5
575 4929 612 4976 iti
626 4929 725 4989 &dimili
745 4929 837 4990 li⁰i³lffl
852 4929 955 4979 arcticus
999 4937 1156 5000 aquinoetiaii
1164 4937 1279 4997 subsunt,
1289 4937 1421 4997 temperata
1429 4932 1615 4996 sint,siqnidem
1627 4930 1656 4978 sd
1667 4943 1722 4980 eum
1732 4929 1776 4978 cir·

177 5011 222 5068 esi,
230 5009 268 5057 tei
280 5008 358 5068 maior
367 5023 373 5066 ;
383 5020 459 5069 utque
471 5007 501 5056 etl
513 5021 554 5056 0⁰⁸
564 5008 606 5069 qni
616 5007 662 5056 ὅθί)
672 5008 726 5069 ΡΟΙΟ
739 5009 855 5058 hibiltni.
873 5011 954 5066 Quum
999 5016 1078 5064 culum
1097 5017 1121 5063 et
1139 5013 1237 5062 accedat
1247 5013 1298 5073 soi,
1308 5015 1332 5062 ct
1353 5023 1435 5060 rursus
1449 5011 1500 5073 pari
1518 5009 1640 5058 celeritate
1660 5006 1757 5055 recedat
1768 5043 1775 5064 ,

179 5091 242 5142 cuim
252 5090 288 5138 sot
304 5087 523 5138 astronomicum
534 5089 856 5153 euiiconrersionernsupra
866 5093 955 5140 terram
999 5103 1076 5153 uoqrre
1087 5091 1245 5142 incoctimste
1251 5093 1422 5150 commoretur,
1428 5101 1504 5151 orrum
1510 5085 1640 5150 prasertim
1652 5085 1775 5146 perpura,
