4004 5736
866 351 1110 412 FRAGMENTA.
1718 363 1774 413 ses

174 487 227 552 πῶς
238 489 285 544 osias
298 484 435 543 ἀπίθανον.
446 481 517 544 Οθδί
531 483 691 562 Κλείταρχος
701 473 744 541 ε’ό·
755 479 819 560 φηολ
828 478 878 559 γὰρ
892 479 951 546 τοὺς
996 481 1063 538 ὥστε
1077 485 1122 550 τῆς
1141 478 1290 558 Ἀρεθούσης
1311 480 1417 556 (ἔστιδ’
1432 481 1458 538 έν
1476 479 1589 540 Χαλκίδι
1612 481 1712 562 κρήνη)
1730 483 1776 550 τάς

173 571 267 637 ἱππέας
277 570 431 642 ίδόνταςτήν
442 569 532 650 ἔφοδον
541 575 586 628 τοῦ
596 569 724 647 πελάγους
733 565 950 648 ἀφιππάσασθαι,
997 566 1083 642 πηγὰς
1103 567 1341 646 άποτυφλωθῆναι,
1366 576 1472 646 συχναῖς
1494 569 1518 625 δ’
1539 567 1649 648 ἡμέραις
1670 569 1775 650 ὕστερον

172 656 215 716 καὶ
229 655 370 738 φεύγοντας
388 657 463 736 ἐγγὺς
476 655 595 735 γενέσθαι
613 663 658 716 τοῦ
677 655 949 735 περικαταληφθῆναι.
997 640 1143 712 άναίῆύσαι
1153 654 1211 711 κατ’
1226 652 1291 712 lito
1305 655 1421 730 στόμιον,
1437 653 1655 728 pincinnati
1673 657 1775 733 σιιομέ·

172 742 241 804 Οὔτε
250 741 536 824 δὲτοσοότῳτάχειτλν
545 742 665 803 ἐπίόασιν
673 742 827 823 ὁρμωμένην
835 742 951 820 ἱστοροῦ-
997 765 1041 811 νην
1053 740 1100 812 τῆν
1114 745 1191 810 νῆσον
1204 739 1273 798 κατδι
1291 740 1373 820 μέρη,
1385 740 1445 820 πρίν
1462 739 1479 810 ἢ
1492 741 1585 820 χάσμα
1598 746 1645 820 γῆς
1657 743 1775 830 ἀνοιχθὲν

172 855 231 907 μιν,
246 830 317 890 tiit
336 831 481 902 λεληθότως
495 835 656 911 προσιῶοαν
668 831 716 902 τὴν
730 830 876 889 θάλατταν·
891 825 951 887 οὔτε
997 830 1070 907 ένπῷ
1084 825 1214 906 Ληλάντῳ
1227 827 1310 907 πεδίιρ
1331 828 1415 899 πηλοῦ
1438 827 1564 908 διαπύρου
1587 829 1775 906 ποταμὸνέξή-

172 921 201 976 τὸ
214 922 273 977 καθ’
293 919 396 997 ἡμέραν
407 917 559 996 γιγνόμενον
571 919 616 975 καὶ
633 927 714 976 πᾶσιν
728 917 835 976 ίναολον
849 916 901 989 ήδη
916 911 947 972 ὃν
998 937 1070 992 μεσε.

171 1011 223 1070 τοῖς
236 1007 390 1078 πλησιάζειν
403 1005 542 1082 μέλλουσι,
556 1003 645 1084 πρλνῆ
660 1004 952 1078 θεάσασθαι,τοσσῦτσν
1036 1006 1107 1060 Rern
1121 1005 1210 1078 tangit
1229 1005 1333 1062 Seneca
1345 1007 1375 1060 in
1386 1008 1441 1078 Qu.
1457 1008 1522 1062 Not.
1536 1008 1594 1076 Vl,
1610 1012 1646 1071 ul.
1659 1007 1752 1062 verbis
1767 1026 1775 1062 ε
1789 1049 1793 1058 .

172 1091 266 1167 ἔμελλε
278 1091 435 1173 παρέξεσθαι
452 1091 543 1172 φόόον,
558 1089 626 1150 ὥστε
644 1091 759 1170 φεύγειν,
781 1095 816 1158 ir<
834 1089 865 1149 διν
880 1092 902 1148 εί
920 1090 948 1159 ἐξ
998 1093 1076 1146 Idem
1093 1091 1203 1146 Sidonii
1215 1093 1359 1159 accidisse,
1371 1093 1452 1146 crede
1465 1093 1620 1151 Posidonio.
1634 1093 1677 1152 Cf.
1691 1095 1778 1148 Nico-

172 1178 300 1248 άδοκήτου
310 1179 465 1260 προσέπεσε.
996 1180 1057 1236 iaus
1068 1179 1166 1252 ir‘ugm.
1180 1179 1228 1238 80.
1245 1179 1347 1234 lustin.
1361 1181 1424 1247 XL,
1442 1198 1467 1233 1.

112 1283 124 1307 ·
210 1265 305 1326 Ταῦτα
320 1266 346 1324 δὲ
360 1265 465 1332 δικαίως
479 1266 588 1346 έπιτιμβ
600 1266 653 1332 τοῖς
664 1269 839 1346 συγγραφεῦσι
854 1267 950 1326 Ποσει·
1210 1259 1213 1264 ’
1361 1319 1376 1339 „

172 1353 277 1426 δώνιος,
291 1353 336 1412 καί
350 1355 379 1412 οὐ
394 1356 481 1419 κακῶς
496 1351 607 1425 εἰκάζει,
619 1351 658 1411 ὅτι
674 1351 809 1430 λῃστρικοί
821 1351 891 1418 ὄντες
905 1350 950 1410 καλ
1364 1321 1407 1370 ’7’

171 1440 299 1513 πλάνητες
312 1443 336 1500 οί
350 1439 476 1519 Κίμόροι,
488 1439 532 1498 καί
545 1437 622 1520 μέχρι
635 1443 686 1496 τῶν
699 1437 758 1520 περί
772 1437 819 1509 τῆν
832 1443 950 1500 Μαιῶτιν
1036 1439 1139 1497 Strabo
1152 1439 1205 1508 xl,
1219 1457 1247 1512 p.
1262 1438 1316 1504 514
1330 1455 1338 1496 :
1350 1439 1375 1497 Τ
1377 1434 1474 1512 οὕνομα
1489 1435 1516 1494 δέ
1534 1443 1592 1504 ταῖς
1604 1435 1714 1516 Ῥάγαις
1726 1437 1779 1496 άπὸ

173 1529 325 1598 ποιήσαιντο
336 1526 542 1606 στρατείαν·άπ’
557 1529 660 1585 ἐκείνων
672 1524 700 1584 δέ
717 1525 762 1584 καλ
779 1524 951 1606 όΚιμμίριος
995 1529 1046 1584 τῶν
1060 1523 1205 1603 γενομένων
1220 1526 1334 1599 σεισμῶν
1345 1522 1464 1599 γενέσθαι
1473 1523 1561 1604 φασὶν,
1576 1526 1618 1604 ὑφ’
1640 1515 1676 1582 ὧν
1691 1523 1779 1591 πόλεις

173 1613 283 1685 κληθείη
299 1611 439 1692 βόσπορος,
457 1604 510 1672 οἷον
529 1611 691 1693 Κιμόροιὸς,
713 1613 875 1692 Κιμμερίους
891 1612 951 1681 τοθς
996 1610 1024 1670 δὲ
1037 1612 1132 1691 συχναί
1144 1609 1190 1671 καλ
1206 1613 1294 1686 κῶμαι
1306 1609 1450 1688 δισχίλιαι,
1464 1607 1498 1676 ὥς
1512 1631 1576 1690 φησι
1592 1608 1778 1684 Ποσειδώνιος,

175 1699 309 1780 Κίμβρους
328 1698 513 1776 όνομασάντων
534 1703 587 1758 τῶν
606 1697 752 1770 Ἑλλήνων.
774 1699 849 1772 Φηολ
863 1699 891 1759 δέ
906 1699 951 1760 καὶ
998 1699 1193 1779 ἀνετράπησαν.
1209 1699 1251 1757 Cf.
1266 1711 1327 1757 not.
1342 1698 1388 1758 ad.
1405 1699 1441 1758 fr.
1459 1717 1501 1774 9.·

173 1787 263 1856 Βοίσυς
276 1787 320 1847 τὸν
336 1787 470 1867 Ἑρκύνιον
487 1787 583 1867 δρυμὸν
600 1790 679 1847 οἰκεῖν
695 1787 833 1868 πρότερον·
848 1786 907 1855 τοὺς
924 1788 951 1847 δέ
1037 1789 1079 1847 Cf.
1095 1791 1201 1845 Seneca
1209 1789 1265 1860 Qu.
1276 1788 1340 1844 Nat.
1357 1789 1412 1856 vl,
1429 1805 1463 1842 οι
1484 1807 1492 1841 ι
1510 1789 1572 1842 1)υο
1584 1799 1777 1860 generarunt,

174 1877 310 1956 Κίμόρους
322 1873 488 1955 ὁρμήσαντας
499 1877 542 1934 ἐπὶ
551 1874 596 1933 τὸν
610 1874 689 1934 τόπον
704 1881 805 1946 τοῦτον,
821 1878 951 1955 άποκρσυ-
997 1889 1027 1932 ut
1042 1879 1191 1932 Posidonio
1206 1875 1317 1950 placer,
1340 1875 1438 1947 quihus
1451 1887 1573 1930 movetur
1589 1887 1663 1930 ter-ru
1681 1895 1691 1929 :
1706 1881 1778 1930 utri-

174 1965 281 2028 σθένεας
292 1960 341 2019 ὑπὸ
353 1965 403 2019 τῶν
415 1957 500 2022 Bolon
512 1959 556 2019 lot
566 1960 610 2020 τδν
621 1958 733 2038 Ἴστρον,
745 1961 790 2020 καί
799 1960 857 2028 τοὺς
866 1964 950 2042 Σκορ·
998 1981 1050 2038 qrre
1057 1981 1157 2018 nomen
1166 1976 1208 2018 est
1212 1965 1365 2038 proprium,
1374 1965 1473 2016 Altera
1481 1966 1615 2016 succussio
1626 1973 1683 2030 est,
1696 1981 1779 2035 quum

173 2051 276 2116 δίσκους
298 2048 421 2115 Γαλάτας
441 2047 603 2119 κᾶῒαὸἦνῑῑ·
627 2039 675 2108 θέτ’
688 2047 732 2108 tri
745 2048 890 2127 Τεθρῑστᾶς
907 2047 952 2106 καί
998 2070 1071 2113 terra
1082 2062 1209 2131 qualitur,
1229 2069 1373 2112 etsursum
1394 2067 1421 2110 el
1433 2056 1558 2110 deorsum
1577 2067 1722 2110 rnooetor:
1739 2060 1781 2112 al-

175 2137 235 2218 (ἥδ)
265 2137 442 2216 Τανρίσκους,
471 2136 516 2194 καλ
542 2135 647 2203 τούτους
672 2133 806 2202 Γαλάτας·
835 2125 883 2194 εἶτ’
909 2135 952 2194 ἐπὶ
1000 2151 1060 2199 tera
1073 2146 1223 2215 inclinatio,
1238 2164 1302 2218 qua·
1317 2144 1549 2210 tolosarorum,
1568 2149 1675 2215 navigii
1694 2163 1778 2206 more.

174 2223 371 2296 ’θλουηττίονα
382 2223 562 2304 πολυχρύσους
573 2224 619 2300 μὲν
631 2223 743 2302 ἄνδρας,
755 2221 899 2303 είρηνοίονε
910 2221 950 2281 δι’·
999 2233 1064 2286 illas
1081 2227 1435 2307 βράστας,1ιοεεπικλίνεας
1459 2231 1550 2286 Greci
1570 2229 1678 2288 dicunt.
1696 2231 1780 2287 Cete-

174 2317 288 2392 θρῶντας
304 2309 331 2368 δέ
345 2311 388 2368 τὸν
402 2312 432 2368 ίιι
445 2315 498 2368 τῶν
511 2311 659 2390 λῃστηρίων
676 2313 798 2387 πλοῦτον,
817 2309 952 2388 θτερόάλ-
999 2336 1063 2373 rum
1082 2319 1186 2374 Seneca
1208 2337 1257 2374 sua
1270 2318 1347 2374 houd
1361 2317 1449 2375 dubie
1461 2317 1563 2394 petivit
1576 2335 1592 2372 e
1604 2318 1781 2376 itleteorolo-
1799 2315 1803 2322 ’

173 2401 251 2460 λσντα
265 2403 310 2456 τοῦ
319 2399 381 2476 παρ’
397 2397 508 2474 ἑαυτοῖς,
521 2396 581 2463 τοὺς
595 2397 777 2468 Ἐλουηττίους
793 2397 952 2474 ἐπαρθῆναι,
998 2406 1076 2480 giris,
1092 2405 1134 2464 Cf,
1145 2407 1229 2480 Diog,
1239 2409 1332 2464 Laevo,
1347 2407 1412 2482 vll,
1432 2413 1496 2474 154,

174 2486 290 2564 μάλιστα
301 2485 323 2543 δ’
337 2487 422 2542 αὐτῶν
434 2482 594 2563 Τιγυρηνοός
607 2507 634 2542 τε
647 2483 692 2544 καλ
705 2483 871 2560 Τωυγενοθς,
885 2481 951 2542 ὥστε
990 2496 996 2508 “
1356 2505 1360 2510 ·

174 2573 221 2634 καί
235 2572 435 2652 συνεξορμῆσαι.
1083 2566 1089 2580 ”
1369 2552 1415 2622 73·

540 2669 587 2739 76·
1038 2689 1780 2768 strabonus276,oeinsu1ourpoaeis:lloul-

215 2781 317 2837 Strabo
331 2783 355 2850 Ι,
369 2799 400 2855 p.
419 2779 455 2838 58
470 2800 477 2835 ι
496 2778 543 2838 Ἐν
556 2778 583 2836 δὲ
605 2781 635 2857 τῇ
650 2777 764 2857 Φοινίκῃ
779 2775 843 2857 φησί
857 2779 953 2836 Ποσει-
999 2797 1038 2842 κις
1052 2775 1136 2834 δὲκαὶ
1152 2773 1245 2854 φλόγες
1262 2774 1356 2846 εἰςπλν
1370 2777 1521 2855 ἐπιφάνειαν
1536 2783 1581 2836 τοῦ
1595 2776 1723 2853 πελάγους
1734 2782 1780 2838 τοῦ

175 2865 264 2932 δάινισς
276 2865 414 2944 γενομένου
429 2871 535 2943 σεισμοῦ
549 2871 729 2936 καταποθῆναι
750 2865 825 2924 πολιν
846 2863 952 2945 ἱδρυμό·
999 2862 1059 2941 περὶ
1087 2861 1131 2928 τὰς
1144 2861 1237 2932 νήσους
1261 2859 1387 2942 ὤφθησαν
1409 2863 1616 2944 έπιδραμοῒισαι,
1640 2868 1692 2922 τῶν
1711 2867 1780 2924 κατὰ

175 2978 220 3024 νην
232 2953 296 3033 ὑπὲρ
311 2951 432 3025 Σιδόνες,
446 2955 491 3011 καί
506 2954 585 3024 αὐτῆς
605 2952 632 3010 δὲ
647 2953 751 3019 Σιδόνος
773 2950 866 3031 σχεδόν
880 2975 906 3010 τι
921 2950 954 3010 τά
1002 2949 1093 3027 βάθους
1107 2951 1210 3007 κοιλιῶν
1225 2948 1450 3025 άναστομωθέντος
1462 2950 1541 3028 πόρου
1565 2949 1648 3021 τινδς,
1669 2951 1714 3009 καλ
1734 2957 1780 3011 τοῦ

175 3041 221 3098 δύο
243 3041 310 3119 μέρη
332 3048 430 3110 πεσεῖν,
446 3041 505 3098 ἀλλ’
531 3040 579 3098 οὐκ
603 3039 716 3118 ἀθρόως,
729 3036 798 3096 ὥστε
823 3037 860 3115 μὴ
874 3038 955 3096 nolio
999 3035 1077 3116 πυρὸς
1089 3034 1250 3115 βιασαμένου
1263 3036 1327 3117 πρὸς
1337 3037 1367 3096 τὸ
1384 3035 1468 3104 ἐκτός.
1485 3035 1657 3104 Ποσειδώνιος
1672 3038 1699 3096 δὲ
1711 3039 1780 3112 κατὰ

175 3126 268 3206 φθόρον
280 3127 423 3205 ἀνθρώπων
435 3125 565 3204 γενέσθαι.
579 3129 604 3186 Τ
605 3127 618 3184 ὸ
633 3127 654 3185 δ’
668 3127 731 3184 αὐτὸ
753 3125 834 3192 πάθος
853 3125 897 3183 καὶ
912 3125 955 3184 ἐπὶ
999 3123 1047 3196 τῆν
1062 3127 1154 3182 ίαυτσῦ
1172 3124 1279 3201 μνήμην
1298 3125 1362 3204 φησί
1376 3125 1436 3204 περὶ
1449 3123 1547 3204 τροπὰς
1564 3123 1663 3203 θερινάς
1674 3124 1731 3201 ἅμα
1746 3130 1780 3207 τῇ

175 3219 224 3285 τὴν
243 3213 341 3294 Συρίαν
355 3211 418 3285 όλην
432 3213 551 3286 διέτεινε,
573 3213 682 3293 μετρίοις
698 3213 805 3280 θέσεως·
831 3211 904 3285 totto
928 3212 955 3271 ti
1001 3211 1036 3290 ἕῳ
1047 3210 1143 3288 μεταξὺ
1157 3215 1203 3282 τῆς
1217 3210 1303 3290 Ἱερᾶς
1314 3212 1359 3270 καὶ
1371 3215 1417 3282 τῆς
1428 3209 1571 3286 Εὐωνύμου
1584 3211 1647 3292 πρὸς
1660 3210 1723 3292 ὕψος
1733 3215 1780 3294 lp-

175 3301 222 3362 καὶ
233 3299 275 3358 ἐπί
285 3323 355 3366 τινας
365 3299 457 3372 νήσους
465 3300 513 3367 τάς
527 3323 556 3360 τε
567 3302 706 3368 Κυκλάδας
715 3299 760 3359 καλ
772 3297 819 3370 τῆν
830 3299 955 3372 litoreo,
1003 3302 1090 3356 θεῖσαν
1103 3297 1212 3366 ίξαίσισν
1223 3297 1270 3368 τῆν
1282 3299 1414 3358 θάλατταν
1424 3301 1549 3377 ὁραθῆναι
1556 3343 1564 3371 ,
1584 3297 1629 3356 καλ
1639 3299 1781 3376 συμμεῖναί

176 3467 626 3518 onrniirusoslooesuumsruoienttbus
634 3468 803 3516 communem?
815 3465 958 3516 Moleetisun
1371 3469 1416 3518 76.

178 3546 328 3609 Clitarchus,
340 3546 432 3608 sopitos
442 3557 542 3596 narrans
550 3559 679 3595 oroursurn
695 3545 768 3594 rueris
776 3547 910 3607 ερισιειιῑω
924 3544 958 3592 oi·
1033 3554 1060 3600 ln
1074 3550 1187 3601 i‘tuonloe
1202 3549 1285 3600 scribit
1302 3549 1440 3602 Posidonius
1454 3553 1525 3601 terroe
1537 3555 1604 3601 notu
1624 3552 1686 3602 isoio
1696 3553 1781 3604 urirenr

179 3624 236 3674 tutis
251 3625 320 3687 equis
331 3624 445 3687 refugisse
454 3626 480 3674 et
490 3637 558 3686 pteue
571 3625 641 3674 luisse
650 3623 742 3674 oillrrxu
752 3623 859 3672 obrutos
875 3625 958 3684 iisque
1002 3628 1140 3690 absorptum
1157 3627 1228 3677 tuisse
1244 3641 1317 3690 supro
1329 3628 1441 3678 Sidonem
1454 3629 1539 3692 situm,
1560 3629 1680 3692 ipsiusque
1688 3629 1782 3681 sidonis

179 3701 245 3750 euim
256 3703 324 3750 tsnis
341 3701 588 3750 eeleritateooooslere
604 3714 671 3750 more
682 3699 897 3762 deprehendimus,
916 3699 957 3749 sed
1002 3705 1120 3754 corruisse
1132 3704 1182 3753 iere
1196 3705 1303 3764 bessem,
1316 3717 1364 3753 non
1382 3706 1509 3755 confertim
1528 3707 1623 3767 turnen,
1640 3719 1717 3768 eoque
1732 3721 1782 3757 nou

178 3778 268 3826 smsim
284 3781 309 3827 et
321 3778 442 3827 latenter:
462 3775 577 3840 noqueid
596 3777 661 3839 quod
672 3777 740 3827 fieret
757 3776 877 3839 quotidie,
896 3777 921 3825 et
939 3777 959 3825 si
1002 3793 1114 3842 maguum
1128 3779 1252 3828 homiuum
1266 3779 1358 3829 cladem
1370 3781 1490 3831 eccidisse.
1502 3780 1528 3830 ld
1540 3783 1619 3830 sutem
1636 3783 1692 3830 muli
1704 3785 1781 3833 totsur

178 3855 400 3917 ostentassent,
417 3857 547 3917 autequam
556 3857 703 3914 cerneretur,
719 3868 790 3904 sures
805 3857 959 3917 personsret,
1002 3856 1113 3918 syrion,
1133 3854 1285 3904 mediocriter
1302 3857 1399 3916 umen,
1422 3857 1542 3917 pervasit,
1562 3859 1587 3905 et
1598 3857 1676 3918 attigit
1692 3858 1783 3910 insulas

179 3935 276 3984 ransom
288 3935 365 3995 potuit
375 3932 479 3994 objicere
489 3933 663 3992 lossensem,
676 3935 704 3982 ut
714 3933 782 3995 qussi
793 3931 960 3994 deiurproviso
1003 3933 1117 3996 quasdem
1138 3931 1169 3982 de
1182 3933 1327 3994 cycladibus
1341 3952 1347 3981 r
1360 3933 1420 3981 etin
1434 3933 1523 3982 lioboeo
1537 3935 1569 3983 itu
1579 3948 1604 3984 se
1615 3936 1734 3998 exseruit,
1753 3940 1782 3987 ut

178 4009 263 4060 obulo
271 4023 297 4059 re
309 4011 388 4071 logon
399 4011 512 4060 iacerent.
1003 4011 1081 4059 tontes
1089 4010 1227 4066 ireturrsae,
1238 4023 1292 4071 queo
1301 4009 1325 4057 ln
1335 4009 1448 4059 chalcide
1457 4013 1501 4069 est,
1511 4010 1618 4060 obturati
1627 4012 1728 4074 tuerint,
1739 4014 1790 4076 qui.

214 4090 271 4138 tino
286 4086 426 4136 Posidonius
441 4085 496 4149 jure
510 4087 534 4137 in
543 4087 700 4150 scriptoribus
717 4086 877 4149 reprehendit.
892 4087 960 4138 ldern
1003 4088 1056 4136 ious
1070 4087 1152 4136 multis
1161 4085 1309 4147 postdiebus
1318 4085 1364 4133 site
1371 4087 1450 4148 erupit
1459 4086 1620 4149 scaturigines
1636 4093 1782 4152 nequeunte

184 4179 235 4216 uon
256 4165 337 4227 inepto
356 4164 494 4225 conjecturs
508 4165 611 4227 colligit,
630 4165 741 4216 cimbros
762 4166 870 4216 nomines
889 4165 961 4214 inisse
1003 4163 1072 4214 desiit
1082 4165 1158 4213 insuto
1170 4177 1212 4226 per
1221 4165 1299 4224 portes
1312 4165 1407 4212 oououti
1417 4199 1424 4225 ,
1435 4177 1507 4227 quom
1521 4165 1601 4216 hiatus
1614 4169 1685 4218 terroe
1697 4169 1722 4218 iu
1736 4171 1781 4220 Le·

180 4241 307 4306 ρεωθοιιεο
315 4243 340 4290 et
350 4241 550 4304 rogosorruisque
559 4241 589 4292 od
601 4241 706 4292 itoeotiru
720 4255 797 4304 usque
816 4242 894 4291 Ιεοιιιυ
903 4255 959 4304 pro-
1003 4242 1069 4290 lonto
1080 4253 1165 4302 compo
1177 4241 1273 4302 opertus
1282 4239 1384 4288 iiurium
1393 4240 1437 4290 iuti
1446 4241 1513 4304 igniti
1525 4243 1642 4295 evomuit.

180 4324 324 4382 grossos‚et
333 4320 405 4370 ioisso
422 4319 453 4368 sb
467 4320 496 4370 iis
507 4319 664 4372 cimmerium
675 4324 806 4383 Bosporum
819 4321 960 4371 denomino·
1374 4321 1417 4370 77.

180 4398 333 4460 tum,qorsi
345 4397 511 4460 cimbricum,
526 4411 602 4460 quom
614 4399 692 4449 Graeoi
702 4399 811 4449 cimbros
822 4399 962 4449 cimmerio-
1035 4403 1383 4466 nomeonlnglslnoploros
1398 4403 1503 4466 diceres)
1514 4419 1529 4455 ε
1539 4409 1610 4456 terroe
1626 4407 1731 4456 motinus
1744 4409 1781 4456 is-

182 4491 240 4528 rum
257 4477 354 4526 nomine
376 4475 490 4526 alliciunt.
515 4477 582 4528 idem
606 4477 727 4540 perlubet,
752 4478 822 4540 uojos
840 4479 962 4540 quonism
1005 4481 1339 4544 otumsirrnt,quihusurbos
1350 4481 1643 4556 compluresetpogoshis
1651 4483 1782 4536 miliesutl·

183 4553 329 4615 Hercynium
341 4553 466 4602 incoluisse
476 4555 561 4604 silrsru
570 4591 577 4614 ‚
587 4568 616 4604 σο
624 4555 734 4604 cimbros
742 4568 818 4616 quum
827 4555 857 4604 sd
869 4567 897 4604 σε
910 4555 963 4604 loco
1005 4571 1087 4607 versos
1096 4571 1147 4607 esse
1158 4557 1296 4608 Posidonius
1304 4557 1396 4608 scribit.

181 4643 210 4680 se
220 4630 390 4690 eontulissent,
409 4630 440 4679 sb
459 4629 489 4680 iis
504 4631 612 4694 repulsos
627 4631 658 4682 sd
678 4635 765 4682 istrum
780 4635 805 4681 et
827 4631 964 4682 scordiscos
1374 4634 1418 4683 78.

182 4710 267 4760 Gallos
275 4708 422 4758 deseendisse
441 4727 448 4757 ε
462 4709 517 4759 iude
528 4709 559 4759 ud
570 4711 693 4778 Teuristos
707 4723 736 4760 oo
753 4711 855 4772 (river)
877 4711 962 4761 Tauri·
1036 4716 1207 4775 sepenumero
1218 4712 1292 4763 etism
1308 4713 1333 4762 iu
1350 4713 1474 4778 superficie
1487 4713 1572 4775 moris,
1590 4713 1655 4776 quod
1670 4717 1706 4765 est
1717 4716 1781 4767 eires

181 4799 252 4846 εοοο,
264 4785 432 4848 ipsosquoqoo
444 4787 540 4848 Gsiios,
551 4789 603 4836 turn
613 4787 643 4836 sd
653 4787 918 4848 tielretios,rirosouri
929 4787 963 4838 ui·
1006 4789 1174 4852 uentosistus,
1185 4791 1319 4842 discurrere
1328 4791 1436 4842 θσιεισιεσ
1444 4791 1634 4841 animadversum
1643 4796 1693 4854 est,
1705 4809 1782 4858 quum

183 4863 262 4922 ritus,
273 4863 380 4912 utienseu
392 4875 475 4924 pooeur
491 4867 544 4912 turn
556 4864 670 4914 colentes.
689 4866 753 4922 ilos,
763 4877 840 4926 quum
854 4864 963 4914 riderent
1006 4863 1177 4932 cavernarum,
1193 4871 1282 4933 quibus
1296 4872 1356 4935 ignis
1371 4873 1395 4921 in
1411 4870 1530 4936 profundo
1544 4871 1687 4934 continetur,
1701 4879 1781 4924 mestu

185 4941 237 4990 suis
250 4940 352 5001 majores
369 4953 426 5002 opos
443 4941 573 4992 latrociniis
584 4941 737 4992 cimbrorum
753 4943 963 5004 paruononme
1006 4947 1087 5009 utiquo
1098 4948 1192 4997 recluso
1201 4949 1264 4998 iores
1281 4949 1305 4997 vi
1315 4949 1432 5012 prorupit.
1448 4947 1587 4999 Posidonius
1599 4951 1712 5013 scriptum
1724 4951 1781 5000 reii-
1835 4960 1837 4965 ’
1923 4965 1926 4974 ·

185 5019 312 5079 Tigouooe
327 5031 357 5066 oo
368 5021 489 5080 Togonos,
505 5019 613 5069 animum
632 5019 662 5068 εθ
678 5019 771 5082 proelias
788 5019 916 5084 adiecisse,
935 5033 964 5070 oo
1007 5026 1072 5086 quit,
1084 5037 1127 5074 sus
1136 5027 1208 5076 retute
1218 5025 1282 5076 uiros
1291 5027 1418 5077 solstitium
1432 5027 1556 5088 restitum,
1566 5027 1643 5090 prims
1652 5025 1706 5078 luce
1720 5028 1782 5078 inter

188 5096 292 5146 Cimbris
303 5095 397 5146 itsliour
409 5097 545 5160 ρείεσθίθιιε
554 5097 632 5150 octos
640 5111 665 5148 se
674 5097 820 5161 adiunxisse.
1009 5103 1105 5151 iliorum
1122 5105 1147 5151 et
1163 5105 1316 5166 Euonyruunr
1331 5117 1397 5154 mors
1414 5107 1567 5166 conspectum
1587 5105 1656 5153 luisse
1674 5104 1703 5153 ud
1716 5117 1780 5153 nron·
