3972 5728
841 345 1089 406 FRAGMENTA.
1708 357 1764 409 419

166 479 219 532 lire
240 489 319 532 tanta
341 483 384 544 vi,
412 489 441 531 ut
463 480 540 531 nulla
562 495 639 532 ntora
662 479 769 551 patulus
795 483 942 551 impactum
987 479 1093 549 reliquo
1102 493 1203 548 genere
1212 479 1332 550 plebeia
1345 478 1482 536 uidentur.
1497 479 1561 549 Syri
1576 490 1604 532 et
1615 479 1690 533 iuba
1704 493 1765 534 tnt-

164 577 284 637 respuut.
986 575 1100 638 geniata
1115 565 1269 638 appellant.

530 703 576 770 to·

207 833 310 888 Plinius
329 835 410 900 v111,
426 851 448 888 s.
468 831 515 902 45,
526 851 555 905 p.
569 833 605 902 78
628 837 796 888 :Hominum
807 852 943 888 sermones

167 926 273 975 imitari
294 933 323 975 et
345 919 546 978 mantichoram
570 925 597 974 in
619 921 763 994 AEtltiopin
784 935 881 977 auctor
902 932 943 974 est

166 1008 251 1064 tnta.

1353 649 1401 707 55.

1025 790 1105 844 Idem
1126 790 1189 857 XV,
1208 807 1229 844 s.
1252 789 1300 858 28,
1318 807 1348 862 p.
1370 787 1404 850 54
1427 787 1519 846 :Juba
1530 802 1674 846 auctorest
1689 797 1766 864 puin·

986 895 1140 949 quagenum
1154 876 1305 930 cubitorum
1317 877 1465 930 altitudine
1480 881 1509 932 in
1521 874 1630 932 Arabia
1645 895 1703 932 esso
1715 895 1765 932 eas

987 959 1151 1036 (unedones
1164 961 1280 1017 arbores
1289 959 1308 1030 l.

1355 1045 1401 1106 56.

1024 1183 1104 1238 Idem
1121 1183 1206 1252 XIII,
1228 1182 1263 1238 52
1275 1223 1283 1251 ,
1299 1202 1327 1257 p.
1342 1185 1396 1249 314
1412 1185 1505 1240 :Iuba
1517 1188 1601 1242 uadit
1610 1191 1683 1242 circa
1696 1189 1765 1243 Tm-

207 1258 286 1314 Idem
297 1260 364 1326 Xll,
377 1277 398 1312 ⁵·
422 1258 468 1326 34,
492 1279 521 1332 p·
535 1258 610 1330 ²73,
632 1257 799 1330 demlifhae
817 1258 939 1314 flrb⁰re²
984 1273 1160 1344 glodytarum
1185 1273 1290 1326 insulas
1301 1270 1437 1342 fruticem
1459 1278 1488 1328 in
1511 1277 1570 1330 alto
1591 1281 1689 1330 uocari
1713 1279 1766 1330 Isi·

167 1356 278 1408 Folium
289 1355 384 1419 oliuoe,
397 1373 493 1408 uerum
506 1359 632 1427 crispius,
646 1365 673 1407 et
683 1356 857 1419 aculeatum,¹
868 1354 942 1408 Iuba
986 1360 1031 1412 tiis
1039 1364 1157 1427 crinem,
1169 1361 1284 1414 corallio
1293 1363 1422 1428 similem,
1434 1361 1580 1433 sinefoliis
1591 1381 1597 1418 ε
1609 1367 1762 1438 pracisum

164 1445 287 1498 oliuatri.
986 1459 1090 1502 mutato
1105 1449 1193 1502 colore
1213 1452 1241 1501 in
1257 1453 1367 1520 nigrum
1382 1450 1544 1504 durescere:
1564 1469 1646 1524 quum
1660 1453 1758 1518 cadat,

532 1575 564 1630 51
977 1530 1093 1605 frangi.
1121 1537 1205 1602 Item,
1235 1537 1321 1589 alium
1342 1541 1390 1608 qui
1409 1549 1525 1591 uocatur
1543 1537 1767 1612 cbaritobleplta·

572 1616 579 1630 ‘
985 1637 1046 1685 ron,
1068 1616 1213 1689 ffficocem
1229 1627 1258 1675 in
1272 1627 1416 1676 amatoriis
1435 1641 1443 1677 :
1460 1623 1606 1696 spatbalia
1620 1643 1653 1678 eo
1659 1622 1763 1694 facere

206 1711 284 1768 Idem
302 1712 374 1782 XII,
402 1731 425 1769 s.
455 1711 503 1782 31,
526 1731 556 1786 p.
570 1703 656 1783 ¹276,
692 1713 729 1770 de
748 1714 837 1768 thuris
856 1714 940 1768 arbo.
985 1715 1016 1758 ct
1025 1709 1139 1760 momlia
1142 1704 1283 1776 seminas:
1299 1714 1401 1763 sentire
1412 1727 1473 1770 eum
1482 1728 1512 1764 se
1523 1715 1589 1782 capi
1595 1751 1601 1774 ,
1616 1711 1766 1782 manrique

164 1801 245 1854 ribus
264 1817 272 1856 :
290 1799 364 1854 Juba
377 1818 439 1866 rea,
457 1805 492 1854 iis
508 1801 694 1854 uobtminibus
706 1819 771 1875 quas
781 1805 890 1874 scripsit
904 1803 944 1855 ad
985 1794 1185 1860 commmoda,
1204 1806 1233 1848 0²
1249 1793 1379 1850 beheim
1394 1801 1481 1850 “clem
1487 1792 1573 1865 ser·
1593 1797 1699 1866 (imi
1711 1794 1765 1866 fe·

129 1941 133 1948 ,
166 1888 201 1944 C.
224 1886 364 1942 Casarem
375 1891 495 1958 Augusti
509 1886 601 1960 filium
616 1888 758 1942 ardentem
762 1886 851 1958 fama
866 1892 942 1942 Ara-
977 1874 1111 1946 selle'lnl
1121 1881 1246 1947 lisldloet
1264 1886 1293 1935 ln
1309 1883 1431 1955 lapidem
1445 1884 1646 1955 transfigurari.

165 1977 231 2040 biae,
258 1976 345 2028 tradit
365 1979 480 2028 contorti
499 1992 557 2028 esse
579 1976 713 2042 conditis,
740 1981 827 2030 ramis
848 1994 941 2030 acerne
1354 2020 1370 2076 5

166 2063 407 2128 maxime-Pontici,
421 2065 702 2134 succumamygdaloe
712 2065 940 2118 modocmittem:
1374 2041 1399 2091 7'

167 2150 289 2220 talesque
309 2154 338 2202 in
360 2149 512 2204 Carmania
532 2168 682 2223 apparere,
708 2163 738 2205 et
755 2155 784 2204 in
819 2154 942 2223 AEgypto
1025 2155 1104 2210 Idem
1125 2157 1218 2224 XXV,
1237 2173 1259 2213 s.
1283 2155 1318 2224 5,
1333 2173 1362 2230 p.
1380 2157 1416 2223 46
1436 2173 1444 2215 :
1462 2159 1501 2212 Et
1511 2159 1586 2213 Iuba
1607 2164 1636 2213 ia
1659 2161 1766 2214 Arabia

530 1117 578 1177 5ο.

165 2247 243 2288 satas
253 2235 342 2290 studio
354 2235 567 2291 Ptolemoeorum
581 2241 766 2311 regnantium.
777 2237 818 2294 Cl.
831 2239 942 2295 SolInus
986 2241 1073 2296 herba
1084 2253 1237 2298 relocatum
1246 2243 1384 2298 advitam
1396 2244 1534 2300 bominem
1547 2247 1643 2304 tradit.

166 2341 192 2375 c.
207 2321 261 2390 33,
274 2339 303 2394 p.
320 2321 365 2388 45.
1352 2381 1401 2440 58.

1026 2517 1106 2576 Idem
1120 2519 1185 2588 XII,
1203 2537 1249 2590 uu,
1272 2537 1304 2594 p.
1318 2518 1375 2576 266
1393 2539 1399 2575 :
1415 2522 1545 2592 Ejusdem
1556 2525 1655 2578 insuloe
1668 2520 1766 2601 (Tyti)

206 2601 286 2658 Idem
299 2603 372 2670 XII,
389 2621 411 2661 s.
431 2610 479 2671 4ο,
499 2621 529 2676 p.
545 2603 601 2674 276
614 2619 621 2660 τ
636 2605 939 2680 Peregrinatipsaisc.
985 2608 1136 2661 excelsiore
1158 2619 1287 2678 suggestu
1312 2609 1449 2679 lanigeroe
1468 2609 1580 2663 arbom
1601 2611 1660 2664 alio
1681 2610 1761 2664 motio

167 2695 362 2770 Arabialmire
370 2696 465 2750 odores
476 2707 503 2749 et
515 2697 556 2749 ad
565 2707 673 2752 eutems
680 2701 759 2770 petit.
775 2699 864 2752 Tanta
874 2717 942 2752 mor·
986 2713 1068 2767 quam
1083 2694 1190 2748 Serum.
1206 2695 1257 2748 llis
1265 2691 1345 2764 solia
1361 2684 1524 2763 infoecunda
1545 2715 1552 2750 :
1570 2715 1643 2768 quoe,
1661 2701 1692 2750 ni
1705 2701 1761 2750 mi·

166 2784 270 2836 talibus
288 2800 399 2836 suarum
420 2800 509 2836 rerum
530 2788 642 2838 satietas
654 2795 709 2851 est,
734 2785 943 2859 alienarumque
986 2800 1056 2836 nora
1066 2791 1166 2846 essent,
1178 2785 1277 2836 uitium
1284 2783 1527 2854 poterantvideri.
1544 2783 1647 2836 Ferunt
1660 2787 1766 2838 cotonei

166 2871 318 2928 aviditas...
331 2871 433 2924 Petunt
444 2873 530 2943 igitur
542 2875 570 2922 in
588 2873 727 2942 Elymoeot
737 2873 862 2926 arborem
878 2874 943 2926 bra·
987 2871 1057 2922 mali
1068 2867 1253 2942 amplitudine
1266 2869 1433 2935 cucurbitas,
1462 2887 1526 2941 quce
1546 2874 1706 2923 maturitate
1718 2889 1765 2922 ru·

168 2968 259 3012 tum...
273 2957 376 3010 Petunt
388 2966 414 3009 et
427 2959 455 3008 in
470 2955 625 3010 Carmanos
636 2958 761 3012 arborem
774 2960 892 3013 simbum
904 2961 945 3014 ad
982 2967 1047 3030 ptoe
1058 2956 1206 3009 ostendunt
1226 2957 1366 3026 lanuginis
1384 2957 1471 3028 pilas,
1496 2973 1534 3008 eu
1554 2953 1651 3027 quibus
1675 2967 1765 3011 vestes

165 3039 283 3111 suffitus,
295 3039 441 3115 perfruam
449 3047 534 3098 vineo
537 3045 654 3116 palmeo
660 3045 846 3100 accendentes.
856 3049 944 3118 Hujus
984 3047 1106 3114 pretioso
1119 3037 1333 3109 linteosaciunt.
1352 3040 1471 3094 Atboms
1491 3051 1594 3094 uocant
1609 3047 1764 3114 gatsyrupi·

166 3130 236 3182 odor
245 3131 318 3183 redit
331 3147 351 3182 α
367 3135 485 3184 cameris
500 3133 637 3186 adsultim
650 3134 801 3202 jucundus,
823 3135 875 3188 sed
885 3153 943 3205 ag-
987 3145 1036 3181 nos
1048 3123 1302 3195 :serilllomelt'am
1314 3127 1340 3180 T
1331 3129 1383 3198 ylo
1392 3132 1502 3193 minore,
1517 3146 1581 3199 quoe
1592 3129 1678 3181 distat
1689 3129 1720 3182 Χ
1723 3129 1765 3183 Μ.

166 3233 288 3284 gravans
300 3221 404 3288 capita,
422 3221 491 3270 citra
503 3218 625 3271 dolorem
640 3231 741 3275 tamen.
752 3221 810 3274 Hoc
820 3239 943 3274 somnum
968 3231 1063 3286 wass.
1084 3213 1159 3267 Iuba
1173 3218 1247 3266 circa
1260 3209 1395 3281 fruticem
1417 3215 1563 3288 lanugines
1583 3233 1641 3268 esse
1662 3215 1759 3280 trudit,

167 3310 254 3376 φὶς
267 3317 402 3376 qnoemm,
425 3305 475 3358 His
489 3311 656 3360 commerciis
677 3307 802 3362 Carrhas
813 3309 943 3380 oppidum
989 3301 1129 3370 linteaque
1141 3317 1177 3353 ea
1194 3301 1303 3354 Indicis
1310 3305 1522 3374 proestantiora.
1539 3302 1656 3355 Arabiae
1673 3313 1765 3354 autem

166 3392 807 3464 aperuere,quodestillisnundinatium.lnde
818 3393 943 3448 Gabbam
988 3385 1109 3450 “filimi
1137 3403 1175 3438 Μ
1194 3385 1291 3458 qulbus
1307 3382 1539 3454 vestessaciant,
1554 3405 1640 3458 ΨΜ
1662 3391 1762 3452 mil»

166 3496 262 3533 omnes
277 3489 372 3550 petere
390 3478 531 3542 solebant,
550 3478 658 3532 dierum
671 3483 770 3549 uiginti
791 3483 898 3547 itinem,
917 3490 946 3534 et
980 3467 1176 3543 s⁰ll⁰P⁰lmoe
1187 3473 1286 3528 Simul·

168 3566 351 3620 Palestinam
361 3563 595 3636 Syriam:postea
604 3563 757 3618 Characem
761 3570 821 3638 peti
827 3579 944 3640 coeptum
1353 3565 1402 3640 59.

168 3671 203 3706 ac
216 3669 304 3722 regna
315 3650 479 3704 Partitorum
493 3669 530 3704 ec
541 3669 575 3704 ea
589 3669 673 3704 causa
680 3690 690 3717 ,
707 3664 803 3706 auctor
813 3665 853 3706 est
861 3655 943 3708 suba.

169 3738 245 3794 Mihi
258 3740 299 3792 od
312 3739 410 3792 Persas
424 3743 509 3792 etiam
524 3743 601 3810 prius
617 3743 669 3793 ista
684 3751 808 3811 portasse
821 3759 903 3813 quam
917 3746 945 3795 in

168 3826 281 3896 Syriam
303 3834 352 3877 aut
369 3827 519 3896 AEgyptum
541 3825 679 3890 uidentur,
703 3826 838 3882 Herodoto
862 3839 939 3893 teste,

169 3915 218 3981 qui
224 3911 308 3966 trudit
317 3913 428 3981 singula
437 3913 526 3965 miliia
535 3913 668 3966 talentum
681 3912 769 3968 thuris
777 3933 945 3988 annuapen·
1351 3930 1399 3985 60,

169 4001 269 4050 sitasse
280 3999 388 4052 Arabes
400 3995 512 4069 regibus
520 4000 678 4069 Persarum.

529 2463 576 2520 52.

1028 3703 1108 3758 Idem
1125 3705 1270 3773 XXXIII,
1291 3724 1313 3762 s.
1337 3712 1374 3770 4ο
1398 3705 1495 3760 :laba
1510 3711 1626 3760 minium
1643 3711 1723 3760 nasci
1738 3717 1767 3760 et

990 3795 1019 3844 in
1034 3789 1187 3846 Carmania
1199 3793 1300 3860 tradit,
1316 3793 1481 3864 Timagenes
1491 3804 1521 3848 et
1531 3797 1559 3846 ia
1570 3791 1725 3866 AEtltiapia.

1030 4066 1109 4121 Idem
1133 4067 1224 4134 XXV,
1241 4085 1263 4122 s.
1288 4085 1324 4121 uu
1347 4068 1587 4122 :Sandaracbam
1605 4082 1633 4122 et
1653 4068 1766 4124 ocbram

532 4137 579 4192 53·
989 4153 1066 4207 Iuba
1077 4153 1163 4206 trudit
1175 4158 1204 4205 in
1218 4153 1309 4206 insula
1324 4155 1409 4208 Rubri
1421 4160 1508 4208 maris
1524 4157 1634 4227 Topazo
1647 4163 1735 4210 nasci.

214 4273 292 4329 Idem
302 4276 385 4340 XIII,
400 4293 421 4331 s,
436 4295 502 4349 7,p.
516 4277 571 4348 293
585 4297 592 4332 ε
605 4279 641 4332 Et
658 4284 687 4332 in
697 4279 803 4333 Arabia
814 4281 947 4352 languide
1352 4291 1403 4362 ¹61.

171 4363 266 4415 dttlces
288 4361 433 4414 traduntur
459 4381 517 4416 esse
532 4365 642 4436 palmae
663 4383 670 4418 :
696 4385 853 4438 quanquam
872 4365 947 4422 iuba

172 4447 253 4520 apud
264 4447 389 4501 Scenitas
404 4449 509 4502 Arabes
513 4445 637 4522 prasert
648 4451 773 4505 omnibus
784 4455 928 4527 saporibus
933 4497 940 4522 ,
1031 4428 1110 4482 Idem
1122 4428 1260 4496 XXXVIt
1274 4447 1296 4485 ⁵·
1315 4427 1350 4492 [16
1373 4447 1379 4482 ²
1402 4431 1438 4482 In
1459 4431 1565 4483 ”stabla
1584 4449 1687 4502 I‘ffl‘l‘ss'
1709 4451 1767 4488 055⁶

172 4551 257 4607 quam
268 4546 372 4588 vocam
384 4535 508 4591 nahum,
992 4516 1117 4587 lapidem
1132 4519 1202 4568 vitri
1215 4517 1295 4570 modo
1310 4515 1516 4580 translucidum,
1534 4535 1586 4588 quo
1598 4529 1709 4571 utuntur
1713 4539 1767 4592 pm

539 4646 555 4702 5
558 4655 584 4713 4·
990 4603 1189 4675 specubzribus,
1206 4604 1280 4658 Iuba
1295 4615 1449 4660 auctorest.

215 4783 948 4860 ¹d²¹¹¹X¹¹12⁵·9,nam,depumuusmemus
1355 4742 1403 4801 δ’·

174 4883 203 4926 et
226 4871 357 4928 Arabiae:
380 4871 529 4926 Thebaidis
532 4870 646 4942 fructus
665 4877 804 4948 extemplo
817 4881 845 4929 in
865 4881 949 4934 cados
1031 4879 1110 4935 Idem
1135 4881 1289 4948 XXXVII,
1317 4901 1339 4936 s.
1362 4900 1381 4956 9
1405 4897 1412 4937 t
1434 4882 1507 4934 Juba
1539 4893 1634 4935 auctor
1667 4895 1710 4936 est
1739 4895 1769 4936 et

174 4960 303 5014 conditur
311 4977 371 5012 aum
384 4963 427 5012 sui
437 4961 545 5014 ardoris
558 4966 654 5016 anima
671 4979 677 5016 ε
695 4968 726 5016 ni
740 4968 780 5016 ita
786 4965 856 5035 fiat,
873 4968 948 5020 cele-
994 4972 1022 5020 in
1046 4967 1167 5040 quadam
1191 4969 1281 5022 insula
1310 4969 1396 5022 Rubri
1420 4973 1505 5022 muris
1536 4979 1601 5022 ante
1630 4971 1765 5024 Arabiam

176 5050 391 5118 ritereaspirat:
405 5051 600 5120 marcescitque
608 5067 662 5104 non
673 5061 784 5104 reta-tus
787 5047 891 5118 sumis.
904 5054 949 5106 Ex
993 5059 1048 5107 sita
1068 5059 1146 5108 nasci
1170 5052 1381 5129 (crystallum),
1396 5073 1459 5128 quoe
1479 5058 1586 5112 Necron
1601 5069 1719 5122 uocetur,
1738 5069 1767 5112 et
