3974 5732
812 305 1004 368 Poslnotttt
1028 305 1242 368 Atrantssts

227 440 287 512 ejus
302 441 440 511 Marcelli,
456 458 513 512 quo
529 441 641 494 consule
654 441 773 494 Romam
787 441 862 492 venit
874 439 997 493 Posido·
1045 441 1179 494 stitueret.
1189 439 1248 510 Qua
1263 439 1291 490 in
1315 457 1345 492 rc
1361 456 1418 492 non
1435 439 1525 493 solum
1545 451 1702 511 temporum
1720 412 1819 492 rhadi-

228 529 299 596 nius‚
310 546 427 600 proava,
439 528 532 581 nescio
544 545 581 580 an
590 527 723 599 peculiari
733 527 836 598 scripto
846 529 930 580 vitam
943 526 1001 597 ejus
1046 527 1122 580 tione
1144 525 1255 596 adjutus
1269 534 1324 592 est,
1338 524 1387 580 sed
1410 543 1444 580 eo
1466 527 1564 592 etiam,
1586 524 1664 596 quod
1684 525 1819 594 majorem

228 615 392 670 narraverit.
406 613 581 686 Quamquam
599 613 645 667 illa
657 614 739 668 etiam
756 613 885 667 Historiis
899 613 999 666 inserta
1045 631 1128 684 quam
1141 613 1210 666 alius
1225 612 1315 683 quiris
1328 613 1476 667 historicus
1492 613 1617 684 physices
1628 622 1656 666 et
1669 611 1823 666 mathema·

229 701 281 773 legi
294 709 434 774 poterant.
1046 701 1112 752 tices
1126 700 1315 772 cognitionem
1325 697 1505 770 adejusmodi
1514 717 1557 752 res
1572 699 1730 754 tractandas
1745 707 1820 752 atta·

269 788 396 842 ilistoriis
408 783 599 855 subjunximus
612 780 654 840 Tt
675 781 735 860 περὶ
748 783 862 840 ὠκεανοῦ
875 786 932 840 sive
953 780 999 851 τὴν
1046 787 1077 838 111
1093 783 1140 858 (ι).
1164 788 1196 840 ln
1211 786 1243 839 iis
1264 803 1347 853 vero,
1376 804 1437 857 qua
1464 785 1500 840 ad
1525 785 1709 840 describenda
1727 803 1820 858 popu-

228 872 287 950 περὶ
315 873 431 928 ὠκεανοῦ
458 867 649 946 πραγματείαν.
675 871 759 942 Quod
785 889 856 944 opus
876 871 1001 942 quamvis
1045 875 1137 928 lorum
1145 874 1269 928 instituta
1279 873 1588 946 moresquepertinent‚
1599 873 1698 946 vulgus
1707 874 1822 945 scripto·

228 969 345 1032 propter·
358 959 512 1032 principale
536 967 730 1031 argumentum
750 959 871 1030 physicis
894 958 1002 1030 scriptis
1045 979 1108 1016 rum
1117 978 1258 1033 superasse
1267 959 1464 1016 censendusost
1472 958 1611 1031 eo,qnod
1621 959 1822 1031 philosophicae

228 1045 480 1110 annumerandum,
498 1045 620 1116 ideoque
630 1063 645 1099 a
655 1044 736 1100 nobis
752 1046 871 1100 alienum
884 1045 933 1112 sit,
947 1062 1000 1116 ap·
1046 1049 1182 1104 doctrinae
1197 1047 1382 1102 condimentis
1406 1047 1488 1102 uudae
1508 1046 1678 1116 eruditionis,
1688 1045 1821 1117 jejunita-

227 1133 359 1206 ponenda
377 1143 469 1198 tamen
492 1131 648 1185 curavimus
662 1149 722 1202 quae
748 1149 782 1185 ex
803 1149 837 1185 eo
856 1141 1001 1184 servantur
1048 1145 1104 1188 tem
1114 1135 1320 1206 temperaverit.
1330 1135 1548 1208 Quamquamex
1559 1133 1683 1204 reliquiis
1692 1132 1721 1186 id
1731 1133 1828 1186 minus-

228 1219 272 1272 vel
280 1220 383 1274 servari
396 1217 534 1274 videntur.
543 1219 614 1272 Nam
627 1236 714 1289 quum
723 1218 812 1272 multa
825 1219 855 1270 in
875 1235 907 1272 eo
921 1218 1001 1270 Posi·-
1046 1232 1173 1293 apparet,
1194 1221 1310 1276 Accedit
1330 1220 1453 1292 denique
1471 1219 1558 1274 dictio
1572 1221 1695 1293 elegans,
1711 1219 1820 1286 vivida,

227 1306 345 1360 doniam
358 1323 416 1360 non
431 1304 519 1359 modo
537 1304 725 1378 μαθηματικῶς
743 1304 792 1358 sed
806 1306 889 1358 etiam
903 1300 1003 1366 οίκείως
1046 1320 1143 1364 ornata
1166 1307 1222 1386 (a),
1245 1327 1279 1362 eo
1302 1309 1389 1380 magis
1408 1306 1455 1361 illa
1475 1305 1630 1375 laudanda,
1650 1325 1708 1378 quo
1728 1307 1821 1360 minus

227 1393 412 1468 γιωγραρῆσαι
431 1391 531 1448 strabo
547 1389 584 1464 (ι)
600 1401 723 1458 testetur,
739 1408 930 1462 saepenumero
954 1389 1001 1444 di·
1046 1413 1144 1450 curare
1156 1414 1217 1451 eam
1227 1394 1459 1452 Stoicisolebant.
1471 1394 1568 1464 Neque
1578 1395 1724 1448 minimum
1737 1395 1821 1448 etiam

224 1477 347 1550 judicari
364 1480 409 1532 vix
424 1489 517 1552 potest
536 1496 604 1532 num
626 1478 813 1552 fragmentum
833 1475 950 1548 aliquod
968 1494 1002 1530 es
1046 1481 1105 1534 haec
1118 1481 1253 1535 orationis
1259 1479 1419 1551 jucunditas
1430 1480 1578 1534 contulisse
1596 1479 1720 1552 videtur,
1734 1492 1820 1534 atse-

229 1567 356 1620 llistoriis
369 1585 405 1620 an
418 1583 452 1619 ex
464 1583 550 1636 opere
563 1561 628 1640 Περί
637 1563 751 1619 ὠκεανοῦ
766 1563 944 1635 desumptum
955 1564 999 1617 sit.
1047 1568 1136 1622 riores
1155 1567 1280 1622 historici
1293 1565 1477 1620 Posidonium
1491 1565 1592 1620 ducem
1605 1565 1659 1618 sibi
1667 1577 1819 1622 sumerent.

266 1652 333 1723 Quae
343 1652 379 1708 de
388 1651 483 1706 indole
498 1652 686 1706 ilistoriarum
700 1652 820 1706 certiora
830 1649 886 1704 dici
898 1661 1002 1722 queant
1047 1653 1128 1710 Certe
1138 1653 1297 1708 Diodorum
1312 1653 1416 1705 tamin
1430 1651 1627 1724 Geographicis
1642 1653 1697 1706 suis
1709 1651 1771 1730 [lib.
1782 1651 1821 1725 VJ

227 1737 302 1792 haud
316 1737 471 1792 admodum
485 1738 573 1792 multa
588 1747 662 1792 sunt.
687 1739 918 1809 Fragmentorum
939 1756 1003 1810 pars
1047 1750 1107 1794 tum
1121 1742 1151 1794 in
1163 1741 1348 1794 ilistoriarum
1362 1748 1441 1810 parte
1459 1757 1520 1810 quae
1541 1749 1697 1809 temporeo
1715 1741 1825 1794 Nostro,

228 1825 310 1898 longe
322 1825 411 1895 major
425 1843 514 1896 quam
528 1825 662 1879 Athenaeo
677 1836 704 1878 et
718 1825 848 1880 Straboni
856 1824 1001 1898 debeatur,
1047 1829 1170 1899 exposita
1190 1828 1328 1892 continet,
1352 1824 1503 1879 Posidonio
1524 1841 1553 1878 se
1566 1824 1704 1880 addixisse
1722 1827 1819 1898 liquet.

228 1911 330 1964 factum
345 1923 386 1965 est
402 1922 434 1964 ut
451 1911 487 1966 ad
502 1912 588 1983 ipsam
608 1921 852 1983 rerumgestarum
866 1928 1002 1983 persona·
1048 1915 1136 1968 Porro
1150 1915 1274 1987 Trogum
1298 1910 1464 1984 Pompeium
1477 1911 1597 1966 eandem
1606 1923 1749 1968 auctorem
1759 1925 1823 1970 ante

227 2015 345 2070 rumque
360 1999 505 2052 historiam
516 2015 675 2071 perpauca,
689 1999 811 2070 plurima
823 2015 891 2051 vero
911 1997 1002 2070 perti·
1047 2001 1309 2054 oculoshabuissee
1327 1999 1436 2053 lastino
1450 1998 1616 2071 colligimus.
1628 1999 1722 2068 idern,
1736 2013 1822 2072 puto,

228 2095 311 2138 areant
326 2084 417 2140 velad
435 2101 525 2139 mores
544 2096 570 2140 et
584 2085 708 2140 instituta
716 2084 888 2156 populorum
907 2083 952 2136 vel
966 2081 1002 2136 ad
1047 2087 1083 2142 de
1102 2089 1234 2142 Athenaeo
1245 2085 1396 2140 dicendum
1413 2085 1500 2154 foret,
1524 2087 1546 2140 si
1568 2104 1653 2158 qnam
1667 2089 1826 2161 composuit

227 2171 444 2244 descriptionem
469 2173 618 2245 regionum
644 2173 839 2243 locorumque.
868 2170 1002 2241 Utrisque
1047 2193 1145 2248 regum
1169 2176 1304 2247 Syrorum
1324 2173 1438 2228 historia
1458 2172 1495 2227 ad
1512 2191 1563 2227 nos
1576 2173 1762 2246 perdurasset.
1777 2176 1825 2229 Ni·

229 2259 410 2312 Posidonium
422 2260 453 2312 in
462 2260 558 2331 paucis
571 2259 704 2332 insignem
717 2257 867 2312 fuisseaon
877 2255 1002 2328 estquod
1047 2263 1158 2316 colanm
1177 2260 1300 2333 denique
1315 2262 1517 2315 Damascenum
1530 2269 1589 2312 tum
1608 2261 1636 2312 in
1652 2277 1754 2332 magno
1772 2279 1824 2314 suo

228 2344 396 2402 dubitemus.
420 2348 491 2400 Nam
512 2356 615 2418 quanta
643 2344 813 2418 congerendi
842 2343 1001 2416 diligentia,
1048 2349 1235 2408 Historiarum
1246 2367 1343 2421 opere,
1353 2357 1412 2402 tum
1422 2348 1450 2401 in
1462 2349 1496 2401 iis
1507 2349 1615 2418 quaeDe
1625 2347 1749 2419 genitium
1761 2365 1825 2400 mo-

227 2439 389 2503 quantoque
410 2449 503 2485 causas
526 2449 619 2486 rerum
641 2429 822 2504 investigandi
844 2429 937 2484 studio
963 2428 1000 2502 (a)
1047 2435 1125 2489 ribus
1146 2437 1302 2510 congessit,
1326 2453 1384 2488 non
1407 2435 1557 2507 neglexisse
1579 2433 1679 2505 Syrum
1699 2445 1825 2486 nostrum

227 2519 412 2590 geographica
431 2519 605 2585 tractaverit,
629 2537 645 2572 e
665 2518 825 2592 fragmentis
844 2527 918 2590 patet
940 2518 1003 2570 satis
1047 2522 1226 2590 historicum,
1246 2540 1281 2576 eo
1306 2522 1448 2576 lubentius
1466 2521 1604 2594 largieris,
1624 2539 1681 2592 quo
1699 2523 1824 2592 apertius

227 2601 340 2656 abunde
360 2601 409 2677 (δ).
425 2603 527 2658 Contra
547 2603 663 2657 obvium
683 2621 823 2676 quemque
843 2603 1000 2675 disputare,
1047 2618 1087 2662 est
1107 2609 1228 2681 plurima
1242 2626 1307 2663 eum
1328 2627 1363 2664 ex
1383 2610 1504 2662 aliorum
1528 2609 1606 2663 libris
1619 2609 1775 2664 corrasisse.
1821 2645 1824 2650 ,

227 2689 327 2744 Strabo
339 2691 377 2744 ait
388 2689 431 2766 (p.
447 2689 511 2762 τά),
525 2709 583 2744 non
593 2700 633 2744 est
647 2691 887 2763 operaepretium
903 2699 1002 2744 contra

231 317 290 368 25²

229 2777 453 2842 Eratosthenem,
474 2776 638 2850 Polybium,
655 2777 863 2850 Hipparchum,
881 2776 1002 2830 Posido-

227 2865 304 2916 nium
313 2905 321 2932 ,
340 2863 369 2918 id
385 2881 452 2918 vcro
467 2859 546 2920 καλόν
561 2874 602 2918 est
618 2861 677 2936 (Cf.
697 2863 736 2919 id.
751 2881 781 2935 p.
797 2859 837 2938 a).
852 2865 914 2936 lpse
925 2865 1002 2918 Posi·

227 2949 329 3005 danius
349 2949 385 3005 de
407 2951 524 3023 Polybio
544 2951 670 3004 similiter
690 2952 804 3004 sensisse
818 2951 929 3005 videbar
948 2948 1001 3026 (1.),

229 3053 313 3114 atque
328 3043 421 3114 operis
431 3045 473 3096 sui
495 3053 661 3115 argumento
673 3043 818 3114 saepissime
837 3041 941 3096 adduci
952 3041 1002 3096 de·

227 3129 305 3198 buit,
321 3140 353 3182 ut
367 3129 520 3201 Polybiane
535 3139 700 3184 retractaret
711 3129 922 3200 accuratiusque
934 3146 1002 3182 con·

218 3315 219 3318 ’
258 3313 291 3374 (1)
304 3311 365 3360 vide
376 3312 403 3360 fr.
417 3311 508 3360 6811111.
520 3312 557 3361 cf.
571 3312 656 3361 strabo
668 3315 739 3372 Vlll,
750 3325 774 3373 p.
787 3316 831 3360 331
845 3331 850 3359 :
862 3313 891 3359 01
906 3313 925 3359 δ’
938 3313 961 3360 ἐν
974 3317 1002 3374 τῇ

230 3387 296 3444 κοινῇ
305 3387 345 3439 τῆς
364 3381 466 3444 ἱστορίας
487 3388 561 3443 γραφῇ
575 3383 646 3444 χωρὶς
656 3381 815 3438 ἀποδείξαντες
824 3383 866 3438 τήν
875 3387 922 3429 τῶν
937 3382 1002 3439 ἠπεί-

228 3467 274 3513 ρων
284 3451 451 3513 τοπογραρίαν,
462 3451 564 3514 καθάπερ
573 3452 669 3514 Ἔφορός
679 3467 704 3500 τε
718 3451 814 3509 ἐποίησε
824 3453 863 3499 καὶ
877 3451 1002 3506 Πολύδιος·

228 3523 294 3568 elidar
309 3522 333 3568 δὲ
344 3523 375 3576 είς
386 3521 425 3570 τθν
435 3523 532 3582 ρυοιιιὸν
542 3523 614 3569 τόπον
623 3523 663 3569 καὶ
673 3523 712 3570 τὸν
721 3522 881 3584 μαθηματικὸν
892 3521 1004 3583 προσέλα·

227 3591 267 3638 δάν
279 3607 331 3638 τινα
340 3597 385 3638 τῶν
395 3591 515 3652 τοιούτων,
525 3591 628 3651 καθάπερ
645 3593 799 3648 Ποσειδώνιος
810 3592 850 3640 καὶ
861 3591 1000 3654 Ἵππαρχος.

260 3661 294 3720 (a)
309 3659 348 3709 Cf.
366 3659 593 3710 Vitruviuslrehit.
606 3663 675 3720 1111,
693 3664 705 3710 1
723 3681 730 3709 ·.
746 3661 948 3722 Theophrastus,
965 3662 1003 3708 Τι’·

227 3742 322 3789 araas,
344 3730 508 3786 Posidonius,
524 3733 660 3792 Hcpcn'as,
673 3731 812 3786 Aristides,
825 3729 1002 3789 Metrodorus,

228 3803 274 3861 qai
282 3813 378 3860 maana
388 3802 528 3860 alestanno
536 3805 561 3850 el
569 3799 761 3860 infinitostndio
769 3801 881 3850 locorum
890 3801 1004 3861 proprie·

229 3871 304 3926 lates,
328 3883 459 3932 aquarum
477 3874 588 3920 virtutes
603 3869 636 3919 ab
648 3871 817 3919 inclinatione
830 3869 935 3919 coelilla
947 3867 1002 3918 dis·

230 3939 344 3988 albatos
353 3953 404 3989 esse
414 3943 517 4004 scriptis
528 3940 708 3990 declararant.

259 4009 292 4069 (δ)
303 4009 387 4058 Strabo
408 4015 427 4058 ll
445 4011 487 4072 (fr.
504 4017 534 4061 69
544 4012 621 4072 extr.)
637 4029 643 4057 ι
656 4009 719 4058 nott
730 4009 773 4072 γάρ
785 4009 833 4057 ἐστι
845 4011 872 4058 τδ
882 4009 1002 4068 αίτιολογι·

228 4080 269 4126 κύν
289 4079 343 4138 παρ’
363 4080 426 4140 αὐτῷ
448 4081 629 4144 (Ποσειδωνίῳ)
648 4081 687 4130 καὶ
705 4081 732 4128 τὸ
753 4079 931 4140 ἀριστοτελίζον,
946 4077 1002 4140 ὅπερ

227 4149 369 4198 ἐκκλίνουσιν
379 4153 401 4198 ol
412 4151 517 4214 ἡμέτεροι
537 4153 576 4200 διὰ
588 4153 629 4210 rhu
642 4152 762 4212 ἐπίκρυψιν
772 4155 818 4197 τῶν
827 4151 917 4198 αἰτιῶν.

259 4219 293 4278 (l)
309 4220 345 4268 01.
361 4220 446 4268 Strabo
458 4223 491 4280 x,
503 4235 526 4282 p.
543 4225 587 4270 165
607 4221 696 4281 ιΣύγε,
710 4220 853 4277 ιὐΠολύὸιε,
868 4219 932 4273 δτὰς
946 4219 1002 4266 λαο·

227 4289 369 4349 δογματικὰς
383 4289 508 4350 ἀποφάσεις
520 4293 570 4354 περὶ
584 4296 630 4338 τῶν
644 4289 808 4352 διαστημάτων
826 4287 938 4346 εἰσάγων,
959 4287 1003 4334 οὐκ

229 4358 253 4404 ἐν
263 4363 310 4413 τοῖς
322 4358 366 4414 ίξω
376 4364 418 4416 τῆς
427 4359 535 4413 Ἑλλάδος
548 4359 627 4420 μόνον,
640 4359 698 4407 άλλα
712 4360 751 4406 καί
761 4358 785 4405 ἐν
794 4361 842 4412 τοῖς
851 4357 1002 4412 Ἑλληνικοῖς,

228 4427 296 4482 δίδως
306 4429 399 4483 εὐθύνας
413 4429 453 4484 τὰς
466 4430 506 4490 μὲν
515 4430 675 4492 Ποσειδωνίῳ,
687 4430 726 4484 τὰς
738 4429 761 4476 δὲ
781 4426 945 4490 Ἀρτεμιδώρῳ,
961 4425 1002 4478 τὰς

228 4498 252 4550 δὲ
264 4499 340 4554 ἀλλοις
352 4500 452 4548 πλείοσι.

520 4646 724 4706 ΠίὸΤΟΠΠΕ.

257 4743 1004 4886 ιίθωεετυπδοθοσὶθοπίιιιοίδίι1π11οπιουοτυπιυτθο,ιμιυω

229 4896 253 4943 111
266 4898 373 4947 ΗοτοιιΙίε
387 4899 476 4959 templo
488 4901 625 4962 epulantur,
639 4915 731 4950 aenean
742 4902 863 4962 prubmte
873 4915 902 4950 oo
911 4904 952 4964 ιγυ1
962 4916 1005 4964 per
1061 4941 1075 4952 ..

230 4973 253 5022 1ι1
266 4977 359 5036 tenipus
367 4977 515 5037 triumphum
523 4979 584 5038 agit,
596 4983 723 5040 apparatus
732 4980 804 5028 etiam
811 4979 935 5042 epularum
945 4983 1003 5029 ller-

229 5051 312 5100 caleus
322 5054 365 5101 cst.
381 5056 439 5102 Tota
451 5053 514 5102 enim
525 5068 592 5104 cana
606 5056 709 5105 mulsam
726 5069 769 5118 pro
785 5057 842 5107 rino
854 5059 999 5121 ismaelitum

1342 2714 1525 2788 informi.

1425 2870 1450 2906 1.

1261 2957 1283 3010 n
1306 2956 1415 3012 imao
1435 2955 1613 3014 sncnnno.

1090 3078 1238 3132 Athenaeus
1248 3079 1302 3144 lV,
1317 3095 1346 3148 p.
1364 3073 1429 3142 153,
1443 3075 1463 3130 C
1476 3095 1483 3129 :
1496 3072 1539 3130 Ἐν
1556 3075 1626 3153 δὲτῇ
1646 3073 1752 3152 δευτέρα
1772 3074 1825 3146 (sc.

1050 3160 1242 3238 Ποσειδώνιοςλ·
1254 3187 1265 3212 ι
1292 3160 1340 3219 Ἐν
1351 3164 1384 3238 τῇ
1395 3158 1546 3235 Ῥωμαίων,
1558 3162 1637 3240 φησί,
1649 3161 1741 3234 πόλει,
1762 3159 1824 3218 Ιίτιιν

1048 3251 1197 3328 εὐωχῶνται
1216 3249 1242 3305 ἐν
1263 3249 1300 3326 τῷ
1314 3253 1359 3304 τοῦ
1380 3246 1541 3326 Ἡρακλέους
1560 3251 1637 3328 ἱερῷ,
1654 3249 1826 3314 δειπνίζοντος

1047 3341 1092 3393 τοῦ
1107 3334 1175 3393 κατὰ
1187 3333 1276 3414 καιρὸν
1287 3333 1503 3412 θριαμάεύοντος,
1516 3335 1560 3392 καὶ
1576 3339 1593 3404 ἡ
1609 3334 1763 3414 παρασκευὴ
1778 3338 1825 3402 τῆς

1048 3421 1158 3500 εὐωχίας
1170 3419 1368 3500 Ἡρακλεωτική
1383 3425 1445 3480 ἐστι.
1458 3423 1645 3498 Διοινοχοεῖται
1660 3421 1708 3498 μὲν
1720 3419 1771 3498 γάρ
1783 3423 1822 3477 οἰ-

1047 3509 1150 3583 νόμελι,
1162 3507 1195 3566 τά
1212 3507 1238 3566 δὲ
1257 3506 1383 3585 βρώματα
1399 3507 1470 3588 άρτοι
1485 3506 1613 3584 μεγάλοι,
1633 3507 1678 3566 καὶ
1695 3505 1824 3564 καπνιστίι

1048 3595 1112 3675 test
1134 3593 1212 3676 κρέα,
1229 3594 1274 3652 καί
1288 3596 1338 3650 τῶν
1359 3592 1512 3672 προσφάτοις
1533 3595 1738 3674 καθιερωθέντων
1757 3593 1825 3651 ὀπτά

1048 3684 1155 3762 δαψιλῆ.
1180 3680 1260 3760 Παρὰ
1274 3681 1301 3738 δὲ
1313 3683 1456 3760 Τυρρηνοῖς
1479 3680 1517 3748 δίς
1527 3685 1573 3752 τῆς
1587 3681 1687 3762 ἡμέρας
1700 3681 1826 3760 τράπεζαι

1048 3770 1195 3834 πολυτελεῖς
1209 3767 1467 3846 παρασκευάζονται,
1484 3767 1584 3826 ἄνθινοί
1599 3791 1627 3825 τε
1636 3769 1769 3848 στρωμναὶ
1780 3769 1826 3826 καί

1047 3854 1192 3930 ἐκπώματα
1209 3856 1309 3931 ἀργυρᾶ
1323 3853 1494 3924 παντοδαπά,
1515 3853 1663 3912 καίδούλων
1673 3857 1768 3924 πλῆθος
1783 3857 1826 3912 εὐ·

1047 3945 1154 4022 πρεπῶν
1173 3940 1345 4020 παρέστηκεν,
1366 3939 1487 4010 ἐσθήσεσι
1510 3941 1664 4000 πολυτελέσι
1685 3963 1824 4017 κεκοσμη,

1081 4073 1119 4134 (1)
1132 4073 1168 4121 cf.
1178 4071 1281 4120 Galeam
1291 4075 1325 4119 De
1334 4070 1413 4132 placit.
1426 4071 1485 4120 l‘lat.
1497 4075 1521 4120 et
1535 4073 1644 4134 lllppocr.
1658 4075 1725 4132 vlit,
1738 4085 1761 4134 p,
1771 4077 1826 4130 sis,
1853 4075 1856 4080 '

1049 4148 1074 4190 11
1087 4160 1093 4190 ι
1106 4142 1259 4195 Ποσειδώνιος
1279 4143 1291 4188 θ
1310 4141 1550 4202 ἐπιοτημονικώτατος
1561 4147 1607 4190 τῶν
1625 4151 1733 4192 στωικῶν
1744 4143 1783 4190 διὰ
1799 4143 1826 4190 τὸ

1049 4213 1208 4272 γεγυμνάσθαι
1220 4211 1281 4259 κατὰ
1293 4212 1443 4274 γεωμετρίαν.

1079 4284 1112 4342 (a)
1127 4281 1165 4331 cl.
1180 4281 1265 4330 strabo
1278 4284 1326 4341 111,
1345 4293 1369 4342 ρ.
1389 4285 1432 4330 117
1444 4281 1490 4341 (ir.
1509 4285 1539 4330 ts
1553 4283 1762 4344 1ιι11.)1“ὸπ1ῆθος
1780 4289 1827 4330 τῶν

1048 4352 1164 4413 μετάλλων
1174 4352 1274 4400 ίπαινῶν
1283 4351 1323 4398 καὶ
1337 4351 1378 4408 τήν
1389 4351 1471 4414 άρετήν
1485 4352 1528 4399 οὐκ
1540 4352 1651 4414 ἀπέχεται
1661 4359 1702 4412 τῆς
1711 4354 1825 4410 συνήθους

1047 4421 1180 4484 ῥητορείας,
1192 4420 1250 4468 ἀλλὰ
1268 4421 1419 4480 ουνενθουσιᾷ
1441 4425 1490 4474 ταῖς
1504 4422 1650 4483 ὐπερὸολαῑς.
1675 4425 1766 4472 l'rrcler
1780 4422 1827 4469 hoc

1048 4491 1205 4550 fragmentum
1217 4489 1267 4550 lege
1279 4489 1308 4536 fr.
1320 4492 1350 4536 10
1358 4502 1388 4536 ax
1399 4489 1513 4538 Athenaeo
1524 4494 1556 4551 11,
1570 4504 1594 4552 p.
1606 4497 1647 4539 att
1664 4505 1700 4554 sq.

1051 4635 1097 4683 cibi
1110 4649 1166 4684 rero
1175 4638 1230 4684 sant
1240 4648 1311 4696 panes
1325 4637 1418 4696 magni,
1431 4638 1456 4685 et
1467 4639 1533 4686 hamo
1546 4637 1633 4687 durata
1647 4653 1704 4688 caro
1714 4641 1791 4700 elixa,
1803 4641 1828 4687 et

1051 4725 1111 4760 assae
1122 4712 1201 4760 cernis
1210 4712 1272 4772 larga
1283 4725 1297 4761 e
1308 4712 1410 4762 victimis
1425 4714 1497 4762 mnae
1507 4715 1574 4764 crosis
1590 4715 1653 4776 larga
1665 4717 1741 4778 copia.
1757 4717 1827 4778 Αριιιί

1050 4791 1163 4837 Etruscos
1171 4801 1228 4836 vero
1237 4788 1272 4837 bis
1281 4803 1323 4850 per
1330 4789 1393 4838 diem
1402 4795 1623 4841 mensastruuntur
1631 4796 1777 4854 sumptuosae
1786 4809 1792 4852 ;
1802 4797 1828 4842 et

1049 4866 1154 4926 stragula
1165 4869 1221 4914 sunt
1229 4865 1327 4914 floribus
1338 4866 1463 4928 distinata,
1476 4869 1560 4930 pocula
1572 4872 1652 4918 οιιθοπι
1664 4873 1776 4931 argentea
1785 4883 1827 4918 va·

1049 4955 1075 4990 m
1095 4943 1186 5003 generis
1205 4945 1248 4990 :rt
1265 4956 1390 4990 serrorum
1408 4943 1486 4994 adstat
1503 4945 1633 4994 multitado
1652 4947 1825 5004 fonnosornm,

1047 5020 1155 5081 pretiosis
1167 5021 1271 5070 ιωθίιιω
1280 5024 1431 5071 ornatorum,
