3890 5722
208 319 244 368 ιι
772 303 954 368 assumet
978 302 1226 366 cttttttseatt
1308 387 1316 396 .

205 439 322 504 ΙΙίνακας
336 441 383 496 τῶν
397 441 422 496 ἐν
445 437 516 516 ποίαν,
541 435 644 516 πιιθείορ
661 437 862 516 διαλαμψοίντονν
882 439 925 496 καὶ
939 430 974 495 ὧν
1020 439 1088 510 quin
1100 437 1134 492 ad
1149 439 1232 492 alium
1246 435 1387 507 quendam
1400 437 1593 509 Hermippum,
1607 455 1691 508 eptem
1703 437 1795 514 ιίατρο-

203 525 365 603 συνέγραψαν
376 527 401 582 ἰν
411 524 482 603 pail.
495 526 727 604 px',eenseripsit,
738 537 765 580 et
776 523 974 599 qttetlcotisctt-
1020 521 1094 598 λόγον
1122 524 1268 578 Athenaeus
1291 524 1429 590 nominat,
1454 525 1621 595 pertineant.
1646 523 1715 578 Vide
1739 523 1797 577 ira-

204 626 315 670 taueum
329 625 369 670 est
380 615 565 688 Hermippum
577 615 689 686 vestigia
700 615 821 686 magistri
835 617 973 686 pressisse.
1023 619 1145 681 gmcnta.

203 701 332 781 Ceterum
342 701 477 774 Lozynsli
486 701 597 754 titulum
611 697 676 774 Περὶ
685 701 736 754 τῶν
745 701 798 773 (vel
809 697 975 774 Βίοιτῶν)ίν
1060 702 1218 756 Auctoritas
1240 702 1387 774 Hermippi
1411 699 1485 755 haud
1509 702 1622 755 minima
1646 701 1698 756 luit
1722 701 1799 774 apud

202 811 232 847 π.
246 785 448 865 θιαλαμψίντων
458 789 543 842 totius
551 790 676 844 Vitarum
688 790 780 862 operis
790 787 974 860 fuisseputat3
1021 791 1139 844 seriores
1159 791 1324 861 scriptores,
1341 790 1388 861 qui
1403 789 1549 861 sepissime
1564 791 1726 844 testimoniis
1741 789 1800 860 ejus

203 877 341 932 Prellerus
355 886 453 930 contra
473 875 584 929 nonnisi
595 885 703 948 partem
717 875 811 947 operis
823 891 902 941 ειιιιι,
915 893 976 946 quae
1021 885 1148 943 utuntur,
1159 875 1200 928 uti
1213 875 1388 943 Plutarchus,
1403 873 1540 948 Diogenes
1554 885 1582 928 et
1594 886 1722 932 auctores
1732 880 1799 932 Dio·
1870 883 1873 888 '

203 964 239 1019 de
249 963 433 1038 philosophis,
446 961 606 1016 rhetoribus
617 970 645 1016 et
658 959 772 1040 lormsse
788 962 870 1016 etiam
884 979 977 1033 gram-
1021 961 1098 1032 genis
1118 959 1279 1029 Sosicrates,
1303 961 1471 1030 Favorinus,
1493 961 1684 1034 Apollodorus
1704 975 1735 1018 ut
1757 966 1791 1018 νἰ·

111 1043 117 1096 .'
204 1051 312 1106 malleis
333 1059 409 1118 erat,
433 1048 550 1104 indicari
570 1057 726 1120 censet,et
745 1065 844 1102 vocem
858 1039 976 1102 παιδείαν
1022 1047 1115 1116 detur,
1135 1055 1161 1102 et
1179 1047 1293 1102 iormsse
1311 1048 1368 1102 alii.
1387 1047 1472 1120 Apud
1494 1049 1647 1120 losephum
1667 1048 1722 1122 (ir.
1743 1055 1801 1124 οι)

204 1137 326 1191 arctiore
336 1152 416 1190 sensu
428 1135 463 1188 de
477 1133 636 1189 eruditione
652 1135 681 1187 in
694 1134 726 1188 iis
737 1131 856 1202 artibus,
872 1149 934 1206 quae
948 1136 976 1188 in
1024 1135 1189 1208 Hermippus
1198 1131 1329 1190 laudatur
1338 1145 1479 1208 tamquam
1489 1132 1620 1212 ἀνὴρπιρὶ
1630 1143 1717 1192 πᾶσαν
1726 1139 1798 1194 lero·

202 1225 303 1278 scholis
311 1221 553 1296 philosophorum,
562 1219 723 1288 rhetorum,
733 1224 977 1294 grammaticorum
1024 1219 1080 1296 ρίαν
1091 1217 1225 1294 impulsis.
1233 1217 1290 1290 Τὴν
1301 1217 1434 1298 &epibatus
1443 1222 1501 1293 ejus
1508 1223 1643 1295 praedicat
1653 1226 1803 1296 Dionysius

204 1311 353 1374 docentur,
367 1306 573 1380 intelligendam
586 1323 643 1360 esse
655 1317 747 1360 censet
758 1301 873 1362 laudato
887 1307 978 1364 Gellio
1024 1309 1087 1365 llal.
1102 1307 1152 1382 (ir.
1169 1304 1232 1384 58).
1249 1307 1380 1366 Ceterum
1391 1308 1547 1364 lontesnon
1557 1308 1663 1383 ubique
1674 1311 1803 1368 adhibuit

204 1399 237 1456 Ν.
255 1401 288 1451 ir.
304 1387 386 1462 Xlll,
405 1393 437 1448 16
450 1413 456 1448 :
473 1395 679 1448 Humanitatem
689 1395 866 1466 appellarunt
874 1395 906 1449 id
911 1414 977 1467 pm·
1024 1395 1162 1468 opiin0s3
1171 1395 1259 1448 malta
1268 1394 1341 1449 enim
1352 1389 1383 1450 in
1394 1394 1556 1470 fragmentis
1565 1407 1728 1465 occurrunt,
1739 1415 1803 1470 quae

200 1485 357 1556 penarium,
371 1481 446 1556 priori
457 1481 549 1535 Groeci
560 1477 680 1534 παιδείαν
693 1492 806 1546 munt,
825 1499 874 1536 rior
887 1483 979 1535 erudi·
1024 1491 1120 1554 aperte
1131 1479 1196 1537 falsa
1207 1491 1280 1536 suat.
1566 1475 1568 1478 ’

204 1575 316 1634 tionem,
355 1572 604 1638 institutionemque
629 1571 658 1620 iu
689 1567 774 1620 θοιιαο
799 1579 883 1624 artes.
912 1569 979 1622 Haec

204 1657 253 1714 illi.
274 1659 407 1714 Neutrum
424 1655 493 1710 mihi
509 1651 688 1726 probandum
702 1671 759 1708 esse
771 1653 893 1710 videtur.
909 1655 978 1710 Nam
1355 1613 1477 1690 ΒῙΟῙ·

203 1743 224 1796 si
249 1743 276 1796 in
292 1743 374 1796 titulo
390 1741 454 1796 libri
475 1740 640 1814 Hermippei
654 1740 828 1812 agnoscimus
848 1741 978 1795 imitatio·
1234 1771 1323 1832 ΠΕΡΙ
1345 1773 1581 1833 ΝΟΜΟΘΠὩΝ

206 1845 271 1882 nem
286 1829 380 1902 open's
398 1827 583 1894 Callimachii‚
606 1835 819 1882 consentaneum
834 1831 873 1882 est
894 1827 981 1882 v'erba
1494 1815 1503 1832 ⁴
1585 1819 1590 1830 '

204 1913 263 1992 περί
277 1917 328 1970 τῶν
343 1915 369 1971 ἐν
382 1913 486 1991 παιδεία
501 1909 697 1990 &turpidines
708 1905 783 1985 apud
795 1913 980 1988 Hermippum
1263 1901 1286 1953 Ε
1306 1901 1417 1958 ῙιῙΒῙθΟ
1439 1901 1564 1960 Plilth.

204 1999 305 2056 eotle'm
328 2021 409 2058 sensu
427 2001 483 2056 dici
503 2011 586 2072 atque
606 1999 682 2071 apud
705 1995 904 2054 Callimachum
920 1996 981 2078 περί

204 2089 255 2144 τῶν
277 2089 304 2145 ἔν
326 2089 398 2164 πάσῃ
418 2085 524 2162 παιδεία
542 2083 759 2160 διαλαμψᾶντων,
784 2103 846 2160 quae
869 2085 980 2160 quidem

204 2176 403 2336 Epil'pmrpprcips
411 2172 982 2332 ,οὲἀορὲοἱῃρζιρὲορρρρὲιρὸἆυὲᾞῖἷεὲ
1031 2215 1094 2293 Περὶ
1106 2219 1248 2290 νομοθετῶν
1261 2219 1312 2274 τῶν
1322 2220 1540 2296 μονομαχούντων
1553 2221 1655 2300 εὑρετὰς
1667 2223 1804 2302 ἀποφαίνει

1145 2309 1155 2320 .
1266 2300 1274 2323 ν
1468 2308 1485 2322 .
1593 2311 1609 2324 .
1777 2310 1783 2328 ι

206 2353 234 2404 in
244 2350 431 2406 Alexandrina
440 2349 611 2404 Bibliotheca
619 2347 836 2414 asservabantur,
845 2359 982 2422 spectasse
1030 2303 1180 2374 MMW’
1195 2307 1369 2376 Δημωωτος
1383 2303 1438 2370 ἐνὸς
1450 2327 1501 2362 των
1514 2309 1626 2364 πολίτων
1639 2309 1803 2384 συμὸουλω“

205 2439 330 2510 putanda
343 2447 416 2492 sunt.
432 2435 538 2491 Deinde
551 2453 620 2490 vero
636 2452 708 2506 opus
727 2434 799 2488 illud
813 2436 979 2508 Hermippi,
1029 2407 1140 2552 ξὲζοῖος
1154 2387 1599 2556 ἆαὲτξρέορρὰεςριρρύΐτίορῇγὲζεῖσθαι
1629 2393 1801 2472 Κυρηναίους.

206 2543 262 2578 non
276 2525 312 2580 ad
322 2523 498 2590 Callimachi,
511 2522 576 2594 sed,
587 2523 627 2575 uti
639 2521 713 2589 dixi,
726 2521 763 2575 ad
776 2523 909 2576 Herenuii
922 2522 984 2576 Phi·

206 2609 451 2682 lonisdiscipulum
459 2609 595 2680 pertinere
604 2606 807 2679 comprobatur
817 2605 982 2680 fragmento,
1388 2603 1431 2640 ¹²·

208 2696 287 2768 quod
306 2697 377 2769 fugit
397 2706 425 2750 et
441 2695 627 2768 Lozynsltium
647 2703 673 2748 et
688 2693 852 2752 Prellerum,
873 2696 982 2750 Etenim
1066 2683 1199 2758 Origenes
1209 2686 1239 2743 C.
1253 2685 1325 2744 Cels.
1339 2688 1367 2756 l,
1381 2707 1409 2760 p.
1427 2687 1459 2742 13
1472 2685 1515 2742 ed.
1526 2689 1656 2763 Spcacer.
1672 2711 1678 2745 :
1693 2689 1804 2767 Λέγεται

206 2784 234 2836 in
247 2783 336 2840 schol.
350 2781 467 2837 Oribasii
483 2779 581 2854 (Class.
596 2790 681 2836 auctt.
697 2781 831 2848 tom.1V,
844 2797 874 2852 p.
893 2798 924 2834 ιι
937 2781 981 2836 ed.
1028 2766 1058 2826 ὅθ
1069 2767 1114 2826 καί
1128 2766 1281 2843 Ἕρμιππος
1292 2773 1319 2828 ἓν
1333 2774 1370 2850 τῷ
1381 2771 1479 2852 πρώτῳ
1494 2774 1560 2852 Περὶ
1573 2779 1716 2851 νομοθετῶν
1730 2781 1803 2834 ἱστο-

206 2867 309 2942 Maius)
325 2867 361 2922 de
374 2867 510 2939 Dionysio
530 2864 641 2920 medico
661 2885 676 2920 e
689 2865 774 2937 Cyrto
788 2865 900 2939 AEgypti
915 2866 984 2921 urbe
1030 2853 1149 2932 ρηκίναι,
1164 2857 1320 2936 Πυθαγόραν
1340 2857 1387 2929 τὴν
1400 2857 1491 2918 letrici
1504 2861 1654 2941 φιλοσοφίαν
1670 2863 1722 2920 ἀπὸ
1742 2864 1805 2922 'lou¹

207 2956 329 3010 oriundo
340 2953 489 3010 laudantur
503 2953 660 3008 Herennius
673 2951 754 3008 Philo
774 2951 800 3006 ίν
823 2952 860 3029 τῷ
874 2947 897 3007 θ’
915 2951 984 3030 ,Περὶ
1030 2941 1108 2998 δαίων
1120 2944 1156 3008 εἷς
1165 2941 1299 3015 Ἕλληνας
1312 2945 1426 3023 θγαγεῖν.

1399 2049 1414 2092 J
1420 2071 1427 2086 ι

1068 2131 1210 2187 Athenaeus
1223 2133 1275 2200 lv,
1289 2151 1316 2204 p.
1336 2131 1436 2201 t5i,D
1450 2153 1457 2191 :
1469 2129 1621 2212 'Fpprunor
1635 2134 1656 2192 δ’
1670 2137 1695 2192 ἐν
1708 2135 1805 2216 πρώτῳ

208 3038 372 3116 βιόλιοθήιιης
384 3037 490 3103 κτίσεως
503 3049 531 3094 et
547 3040 715 3112 Hermippus
728 3037 754 3093 ἐν
768 3037 805 3112 τῷ
822 3034 841 3092 τ’
859 3035 924 3114 Περί
940 3039 984 3094 is·
1069 3031 1149 3086 Idem
1163 3033 1311 3108 Hermippi
1325 3045 1514 3090 commentum
1529 3055 1562 3092 cx
1575 3037 1804 3111 libroprimolic
1891 3043 1894 3050 '

207 3125 285 3192 δόξων
306 3127 404 3203 ἀνδρῶν
428 3125 533 3202 ἰατρῶν.
553 3123 655 3180 Libros
676 3121 741 3200 Περὶ
763 3119 868 3188 ἐνδόξων
887 3123 984 3200 ἀνδρῶν
1029 3119 1184 3192 Pythagora
1197 3118 1236 3192 (ν.
1249 3120 1285 3200 ir.
1299 3119 1350 3196 ao)
1364 3134 1499 3177 memorat
1511 3125 1648 3197 losephus
1658 3127 1689 3184 C.
1699 3129 1794 3200 Apion

208 3213 301 3289 ἰατρῶν
311 3214 380 3266 nihil
389 3213 439 3266 nisi
446 3222 554 3285 partem
562 3210 643 3265 luisse
650 3227 747 3266 censeo
758 3211 851 3282 operis
861 3207 926 3287 ssepi
934 3213 985 3266 τῶν
1029 3205 1057 3270 Ῑν
1071 3222 1118 3262 ²²·
1137 3207 1306 3279 Hermippus
1321 3219 1469 3280 postquam
1487 3210 1523 3265 de
1537 3213 1728 3284 antiquissime
1742 3218 1805 3269 ritae

208 3301 234 3354 ἐν
254 3298 357 3375 (παίσῃ)
372 3295 479 3376 estet,
499 3295 709 3374 διαπρεψίντινν,
725 3299 848 3352 cuicum
861 3299 983 3372 magistri
1030 3290 1190 3345 Graecorum
1211 3303 1283 3347 statu
1302 3305 1330 3348 et
1343 3313 1491 3368 progressu
1514 3296 1637 3366 dixerat,
1657 3301 1804 3355 cultiorem

209 3405 295 3459 oper„
312 3388 355 3440 De
368 3386 559 3459 comparanda
572 3383 739 3439 bibliotheca
751 3385 846 3440 similis
859 3385 986 3440 inim.
1029 3376 1141 3432 vivendi
1164 3380 1302 3434 rationem
1324 3398 1358 3434 ex
1378 3383 1490 3438 Oriente
1511 3383 1691 3454 derivaverit,
1716 3407 1806 3460 caepae

208 3475 271 3528 serit
294 3475 365 3528 ratio
388 3482 474 3545 atque
503 3471 663 3528 Callimachi
687 3467 780 3536 Πίναξι
802 3472 986 3527 intercedebat
1029 3463 1175 3518 000θὸῑοΠο
1193 3466 1277 3520 eliam
1301 3466 1463 3540 Pythagorae
1483 3469 1644 3526 Judaeorum
1663 3477 1807 3528 sectatoris

209 3579 272 3614 cum
288 3559 445 3614 ordinanda
459 3557 628 3614 bibliotheca
644 3557 841 3616 Alexandrina.
855 3562 929 3614 lnter
942 3579 973 3614 re
1028 3551 1198 3606 menliffllem
1214 3552 1338 3624 injecisse
1348 3553 1470 3615 videtin.

210 3647 285 3718 liqua
297 3647 422 3700 Philonis
440 3647 542 3718 scripta
563 3644 685 3700 conferri
699 3646 780 3700 etiam
792 3657 908 3718 possunt
921 3647 985 3702 libri
1242 3683 1263 3737 F
1284 3681 1395 3741 LIBRO
1416 3687 1584 3744 SECUNDO

211 3729 388 3809 Περίπῶεοιν
409 3729 454 3788 καί
472 3729 515 3796 οίις
536 3729 632 3800 terium
646 3731 730 3788 αθτῶν
746 3728 984 3809 testiculum.
1256 3721 1264 3737 ¹
1508 3717 1518 3742 ²
1586 3731 1592 3745 '

210 3825 251 3874 Ac
271 3821 362 3874 nascio
383 3839 419 3875 an
433 3819 522 3874 simile
544 3821 587 3874 De
605 3819 724 3874 urbibus
742 3835 816 3892 epus
836 3821 985 3894 Hermippi
1405 3801 1431 3860 3·
1625 3873 1632 3882 ,

211 3907 363 3980 Stephanus
375 3909 439 3979 Byz.
451 3925 479 3965 v.
493 3901 622 3963 Ῥάθεννα
633 3904 675 3979 iv.
689 3909 769 3974 not.)
783 3901 945 3965 laudaverit.
1070 3913 1239 3986 Porphyrius
1250 3916 1292 3969 De
1305 3915 1405 3973 abstin.
1421 3917 1470 3986 lV,
1485 3932 1540 3984 aa,
1554 3933 1584 3992 p.
1602 3917 1704 3988 3781t.
1720 3937 1728 3976 t
1744 3920 1805 3978 Τῶν

251 3997 328 4050 later
342 3993 464 4066 reliqua,
486 4011 547 4066 quae
561 3993 612 4048 sub
623 3994 767 4066 Heririippi
778 3995 893 4049 nomine
911 3995 988 4068 apud
1030 3995 1114 4054 τοίνυν
1131 3996 1250 4069 Ἀθήνησι
1272 4003 1414 4074 νομοθετῶν
1434 4002 1614 4078 Τριπτόλεμον
1631 4003 1805 4063 παλαιότατον

212 4089 318 4135 veteres
340 4081 440 4154 passim
462 4081 627 4152 atteruntur,
650 4081 721 4134 nihil
745 4080 883 4153 estquod
909 4093 987 4136 certo
1030 4081 1236 4162 παρειλνίρομιν·
1248 4085 1308 4164 περὶ
1318 4077 1347 4144 ab
1358 4084 1509 4166 Ἕρμιππος
1519 4089 1545 4144 iv
1557 4089 1668 4168 δευτέρῳ
1679 4091 1745 4171 Περὶ
1753 4095 1804 4150 τῶν

209 4167 318 4238 judicio
337 4167 373 4222 ad
397 4167 606 4226 Callimachium
627 4179 754 4224 nostrum
774 4169 873 4224 reterri
893 4170 987 4242 possit.
1031 4169 1377 4249 νομοθετῶνγράρειταῦτα·
1398 4201 1410 4226 ι
1432 4173 1547 4233 enatat
1564 4175 1609 4232 καί
1624 4179 1805 4254 Τριπτόλεμον

214 4255 290 4310 Libri
314 4251 379 4331 Περί
401 4252 493 4329 μάγων
516 4265 544 4312 et
566 4251 718 4326 Φαινόμενα
741 4251 858 4309 dubium
881 4257 928 4310 vix
950 4269 989 4312 cst
1036 4254 1175 4325 Ἀθηναίοις
1186 4261 1390 4332 sepehet-iicet.-

542 4419 654 4478 vtTAE.
1081 4463 1085 4472 ·
1405 4431 1431 4477 2·

1065 4501 1207 4568 Hermippus
1218 4515 1314 4568 quaque
1332 4507 1392 4555 libro
1405 4510 1439 4556 tle
1452 4507 1647 4570 legumlatoribus
1658 4511 1738 4574 primo
1751 4527 1806 4562 nar-

386 4563 436 4623 DE
456 4563 526 4624 [Εὖ
532 4563 811 4626 UHLATOHIBUS·
1034 4593 1097 4630 rasse
1110 4581 1197 4632 dicitur
1213 4584 1370 4645 Pythagoram
1383 4584 1555 4648 philosophiam
1566 4600 1634 4637 utam
1646 4603 1661 4638 a
1675 4591 1766 4642 ludaeis
1776 4595 1806 4642 ad

591 4697 615 4746 ¹·
1033 4657 1294 4708 emmeramum.
1445 4649 1448 4656 “
1669 4645 1672 4654 ’

249 4814 390 4876 llermippus
403 4813 464 4862 libra
485 4814 561 4876 primo
581 4817 615 4864 [le
628 4813 824 4876 legumlatoribus
836 4815 990 4876 singularium
1065 4821 1184 4880 intereos,
1194 4821 1236 4881 qui
1246 4820 1806 4890 sbreaiertsibuslegestutemntaatiquissimum

218 4891 375 4942 certaminum
387 4891 524 4938 inventores
534 4891 606 4940 tradit
617 4892 686 4940 titisse
696 4892 866 4952 Mammenses,
877 4893 991 4943 suadente
1035 4895 1106 4943 tuine
1120 4895 1255 4956 accepimus
1269 4898 1455 4958 Triptolemum,
1472 4900 1503 4949 de
1516 4913 1567 4962 qao
1585 4904 1728 4966 tterntppos
1746 4907 1807 4956 libro

219 4969 425 5019 lisunoeetribus
439 4971 812 5032 Denmnacte;enmquemoreru
824 4971 990 5020 aetaeeanu·
1034 4973 1139 5022 seutado
1155 4976 1189 5022 lle
1211 4975 1406 5035 legumlatoribus
1424 4979 1456 5026 ita
1474 4979 1579 5028 scribit:
1599 4999 1610 5020 ν
1628 4984 1716 5032 terrant
1735 4988 1806 5036 etiam

215 5049 276 5097 ratos
288 5049 500 5107 mopsustenses
841 5105 844 5110 Ι
1035 5049 1206 5111 Triptolemum
1219 5051 1398 5102 Atheniensibus
1408 5053 1589 5113 tumuisset
