3972 5728
852 335 1101 398 Fllsiilllttll.
1716 347 1773 394 σοι

184 471 252 544 μίλη
266 475 310 528 τοῦ
331 469 459 548 Ὀσίριδος
478 469 642 528 διασκιδάσει
657 471 693 546 τῷ
706 471 826 548 Τυφῶνι,
838 467 894 523 τίνα
908 469 955 543 οὔχ
1002 485 1072 530 νους,
1084 460 1128 519 καί
1143 465 1218 518 τοῦτο
1226 459 1314 538 ὥσπερ
1326 462 1409 528 κοινὸς
1424 465 1474 520 τιῦν
1484 467 1543 522 κατ’
1555 463 1686 539 ΑΙγυπτον
1700 467 1775 542 Ιερῶν

183 557 329 635 θπερὸολην
341 555 485 634 Ιμπληξίας
497 557 544 632 μὲν
558 557 596 635 τῷ
608 557 768 626 ἀπειλοῦντι,
790 555 806 611 θ
826 552 891 628 μήτε
904 543 955 610 οἶδε
1001 547 1093 623 θεσμός
1107 549 1185 605 Ιστιν.
1202 547 1384 624 ’λπιιπάμενοι
1402 549 1429 606 δὲ
1441 559 1529 608 πᾶσαν
1540 549 1588 621 τὴν
1603 549 1686 621 ἀλλην
1698 555 1775 628 ἔργα·

183 643 249 716 μήτε
269 643 393 715 δύναται,
416 641 584 715 καταλείπει,
603 641 786 711 ταπεινότητος
808 639 835 697 δὲ
849 643 901 704 τοῖς
915 640 954 695 δε·
1002 635 1061 692 σίαν
1072 633 1117 690 καί
1128 631 1222 711 πόρους
1235 633 1427 711 ἀνθρωπίνους,
1447 636 1576 694 ἀπίδοσαν
1591 636 1649 696 ὅλον
1663 637 1707 696 τὸν
1721 638 1775 714 βίον

182 729 294 788 δοικόσιν
311 727 380 788 οῦτοι
393 728 465 787 κενδν
476 727 555 808 φόόον
571 727 616 786 καί
627 727 792 804 πλάσματα,
815 727 849 792 ὣς
861 726 955 803 κομιδῇ
1000 723 1033 798 τῇ
1047 722 1098 777 τῶν
1111 719 1184 778 θείων
1201 718 1294 798 θἐωρίφ
1313 719 1357 776 καλ
1369 721 1469 779 θεάσει·
1483 720 1526 780 διδ
1538 723 1585 798 μὲν
1600 722 1695 794 ταύτης
1708 725 1776 782 τότε

182 817 272 882 παῖδες
285 816 405 888 ἀνύηται
421 816 515 876 Καίτοι
528 813 573 874 καΙ
585 814 730 894 Χαιρήμων
750 816 764 870 θ
777 816 955 892 Ιιρσγραμμα·
1002 806 1087 881 τίμιον
1096 805 1142 864 issi
1156 805 1270 884 ἀσφαλὲς
1286 807 1331 866 καὶ
1343 807 1446 874 cicestr
1454 810 1630 888 ποριζόμενοι,
1643 809 1685 868 διδ
1694 811 1721 868 δὲ
1731 815 1777 882 τῆς

182 901 239 969 τεῦς
251 903 395 983 ἀναγράφει
412 908 511 973 ταῦτα,
526 907 561 968 ὡς
583 902 627 960 καί
642 900 704 978 παρ’
719 898 869 977 Αἰγυπτίοις
880 900 956 976 θρυλ·
1002 891 1108 970 θεωρίαι
1124 890 1172 962 ‘flii
1194 891 1355 970 Ιπῑπθμην,
1373 895 1405 951 δι’
1421 897 1517 975 ἀμφοῖν
1535 894 1562 953 δὲ
1584 896 1693 968 ἄσκησιν
1709 901 1776 966 ἠθῶν

181 989 311 1065 λούμινα,
327 991 372 1048 καί
385 990 468 1047 ταῦτά
478 1011 556 1069 φασιν
566 980 631 1046 ιἸναι
639 988 683 1044 καί
693 985 725 1046 ιθ
739 991 846 1045 τοιαῦτα
860 989 957 1063 βιαστι·
1001 977 1183 1058 κεκρυμμένην
1194 977 1251 1036 τινάι
1261 977 1305 1036 καί
1316 981 1509 1058 ἀρχαιοπρεπῆ.
1526 981 1566 1041 Τὸ
1579 981 1629 1060 γάρ
1644 983 1684 1039 ἀεί
1694 988 1777 1041 συνεῖ-

182 1074 299 1133 κόιτατα.
314 1079 433 1151 Reliqua
445 1079 602 1133 exscribere
615 1095 673 1131 non
685 1087 780 1144 vacat,
795 1093 956 1147 quanquam
1002 1070 1089 1144 ναιτῇ
1106 1064 1161 1142 θείᾳ
1173 1063 1267 1140 γνώσει
1279 1063 1323 1121 καί
1338 1065 1470 1144 ἐπιπνοίᾳ,
1482 1067 1567 1136 πάσης
1582 1065 1628 1142 μίν
1641 1067 1777 1138 ἔξωτίθησι

182 1163 277 1219 nunu,
292 1165 393 1220 dubito
406 1167 475 1236 qui„
491 1164 527 1220 ad
542 1181 574 1219 ρ,
595 1183 656 1236 quae
674 1163 838 1220 chmmon
861 1181 955 1216 nam.
1002 1150 1165 1219 πλεονεξίας,
1180 1150 1352 1208 καταστέλλει
1363 1149 1390 1208 δὲ
1404 1151 1436 1208 τά
1449 1151 1535 1224 πάθη,
1550 1155 1668 1232 διεγείρει
1678 1154 1704 1211 δὲ
1714 1156 1777 1233 πρὸς
1797 1183 1799 1188 ·

182 1261 276 1323 mat,
302 1253 356 1308 sint
378 1251 531 1308 merenda,
557 1252 686 1306 ceterum
713 1249 833 1304 eundem
860 1249 955 1302 locum
1003 1238 1103 1296 σύνεσιν
1119 1237 1163 1296 τὸν
1180 1237 1244 1315 βίον.
1260 1236 1390 1308 Λιτότητα
1404 1237 1432 1296 δὲ
1447 1239 1621 1308 ἐπετήδευσαν
1633 1240 1677 1298 καὶ
1692 1265 1776 1300 κατα-

182 1336 267 1394 babes
277 1357 321 1410 ap.
336 1339 544 1394 Theodoretum
558 1338 644 1394 Ther.
659 1355 688 1408 p.
711 1337 758 1403 m,
774 1355 825 1390 nec
840 1355 897 1389 non
910 1355 956 1408 ap,
1002 1324 1107 1398 στολὴν,
1123 1322 1274 1404 Ιγκράτιιάν
1288 1347 1316 1382 τε
1339 1325 1549 1404 πεδ’καριερίαν,
1570 1325 1600 1384 τό
1615 1350 1642 1384 τε
1661 1329 1687 1384 Ιν
1698 1331 1776 1386 παντί

183 1427 325 1482 Ιῃῃωῑςὴ,
341 1429 383 1480 ορ
397 1427 540 1498 mysteriis,
1002 1412 1098 1470 δίκαιον
1113 1411 1157 1470 καί
1171 1409 1384 1480 ἀπλιονίκτητον.
1398 1411 1513 1488 Σεμνοθς
1528 1413 1554 1470 δὲ
1565 1412 1656 1480 αὐτοὺς
1669 1416 1777 1492 παρεῖχε

1002 1498 1047 1556 καλ
1061 1499 1090 1558 τὸ
1104 1498 1299 1574 δοσιπίμικτον·
1319 1497 1374 1574 οΙγε
1387 1498 1459 1577 παρά
1474 1499 1521 1575 μίν
1537 1501 1613 1560 αὐτὸν
1624 1504 1676 1560 τῶν
1698 1505 1778 1580 λεγο-

555 1609 583 1670 γ,
1004 1583 1087 1656 μένων
1101 1585 1210 1663 ἁγνειῶν
1224 1585 1266 1642 τδν
1280 1584 1368 1663 καιρδν
1379 1585 1436 1642 οθδΙ
1451 1589 1502 1652 τοῖς
1515 1589 1723 1664 συγγενεστάτοις
1734 1591 1778 1646 καλ

999 1671 1139 1750 ὁμοφύλοις
1151 1671 1319 1748 ἐπεμίγνυντο
1332 1671 1440 1750 σχεδὸν,
1455 1673 1513 1730 οῦδὲ
1532 1673 1616 1740 σίλλοις
1631 1673 1778 1752 θεωρούμε-

222 1761 393 1834 Porphyrius
404 1763 447 1816 De
457 1761 558 1816 obstin.
575 1762 622 1828 lv,
638 1760 655 1814 6
672 1757 735 1818 :Tb
747 1763 808 1836 γοῦν
820 1758 889 1816 κατίι
901 1760 958 1826 τοῦς
1003 1781 1041 1816 νοι
1061 1757 1101 1816 ότι
1119 1759 1156 1834 pl,
1178 1758 1241 1837 πρὸς
1255 1756 1301 1823 τδς
1324 1759 1466 1834 ἀναγκαίας
1486 1759 1671 1834 συναγνεύουσι
1690 1760 1779 1838 χρείας

183 1845 340 1922 Αἰγυπτίους
359 1845 444 1923 Ιιρίας
455 1845 628 1924 Χαιρήμωνθ
642 1845 749 1912 στωικὸς
766 1845 957 1924 ἀφηγούμενος,
1003 1846 1186 1926 ἢάγνεοτήρια
1198 1847 1250 1912 τοῖς
1262 1844 1299 1921 μὴ
1312 1845 1496 1925 καθαρεύουσιν
1511 1847 1593 1904 ἄδυτα
1605 1847 1649 1904 καί
1663 1847 1726 1926 πρὸς
1740 1851 1776 1904 ἱε-

181 1931 224 1998 οθς
235 1932 280 1990 καΙ
295 1931 448 2012 φιλοσόφους
467 1931 623 2007 ύπτιλῆφθαί
636 1954 700 2012 φησι
713 1936 777 2009 παρ’
793 1933 957 2010 Αἰγυπτίοις,
1005 1933 1123 2012 ρουργίας
1138 1933 1199 2010 ἀγια
1221 1931 1436 2008 κατανεμάμενοι.
1463 1932 1516 1992 Tic
1541 1934 1568 1991 ll
1588 1933 1667 1992 ἀλλον
1686 1934 1777 2011 χρόνον

182 2017 312 2095 Ιξηγιῖιαι
333 2022 368 2085 ὡς
381 2019 459 2078 τόπον
481 2017 528 2095 μΙν
551 2017 671 2086 Ιλόξαντο
698 2019 903 2098 Ιμφιλοσοφῆσαι
923 2021 956 2078 τδι
1003 2019 1176 2098 ἁπλούστερον
1185 2021 1233 2096 μὲν
1245 2028 1298 2084 τοῖς
1308 2019 1403 2094 ὁμοίοις
1415 2019 1598 2096 ἐπεμίγνυντο,
1610 2024 1661 2078 τῶν
1675 2021 1703 2078 δὲ
1715 2019 1775 2088 ἔξω·

182 2107 248 2182 Ιερά.
265 2106 332 2183 Πρός
342 2129 370 2163 τε
381 2105 431 2186 γδρ
444 2105 561 2177 τὴνὸλην
571 2103 651 2182 ὄρεξιν
665 2109 710 2176 τῆς
719 2105 827 2184 θεωρίας
836 2107 955 2182 συγγενίς
1002 2110 1079 2164 τικῶν
1093 2111 1138 2176 τῆς
1152 2105 1289 2185 θρησκείας
1302 2105 1384 2163 οὐδενί
1407 2105 1548 2165 συνεθίουν.
1576 2105 1728 2186 Ἐφαίνοντο
1750 2107 1777 2164 δὲ

183 2185 214 2263 ἦν
223 2192 295 2270 παρὰ
306 2201 358 2258 τοῖς
371 2192 473 2252 Ικιίνων
486 2191 646 2272 ἀφιδρύμασι
661 2192 818 2250 διαιτᾶσθαι·
830 2193 955 2271 παρεῖχέν
1003 2191 1044 2250 ἀεί
1055 2196 1119 2250 θεῶι
1133 2192 1150 2262 ἢ
1165 2191 1324 2270 ἀγαλμάτων
1338 2190 1425 2269 ἐγγύς,
1444 2191 1501 2262 ἦτοι
1524 2191 1642 2270 φέροντες
1660 2189 1677 2260 ἦ
1696 2213 1777 2270 προη-

182 2299 211 2336 τι
220 2281 305 2344 αὐτοῖς
318 2279 461 2360 ἀσφάλειαν
469 2277 516 2354 μίν
531 2281 561 2337 in
573 2283 619 2336 mii
635 2278 701 2336 θείου
714 2277 860 2354 σιθασμσῦ,
874 2280 957 2338 καθά·
1002 2278 1123 2355 γσύμενοι
1132 2279 1177 2337 καὶ
1188 2278 1326 2342 τάσσοντες
1336 2277 1402 2353 μετά
1413 2277 1511 2354 κόσμου
1523 2301 1550 2335 τε
1559 2277 1604 2336 καί
1613 2277 1777 2354 σεμνότητος·

182 2387 232 2444 περ
244 2363 301 2422 τινά
316 2363 451 2444 Ιιράζῷα,
462 2363 566 2422 πάντων
580 2363 715 2440 τιμώντων
724 2363 782 2430 τοθς
791 2365 956 2445 φιλοσόφους·
1001 2357 1037 2424 ὧν
1051 2366 1160 2424 Ικαστον
1174 2366 1203 2422 οῦ
1219 2369 1297 2444 τῦφος
1317 2356 1360 2442 ἧν,
1386 2365 1453 2422 ἀλλά
1466 2387 1533 2430 τινος
1547 2363 1648 2432 ἔνδειξις
1670 2370 1777 2442 φυσικοῦ

185 2451 322 2530 ηριμαίους
336 2451 363 2510 δΙ
377 2443 457 2528 εἶναι,
475 2450 520 2508 dac
534 2455 580 2522 τῆς
593 2449 720 2526 ἐπιμιξίας
732 2451 800 2510 κατά
818 2451 865 2518 τδς
888 2475 956 2511 παν·
1002 2455 1089 2528 λόγου.
1104 2453 1144 2514 'lt
1163 2453 1190 2512 δδ
1202 2453 1295 2529 σεμνδν
1316 2455 1368 2510 κάκ
1382 2458 1428 2511 τοῦ
1450 2454 1650 2529 καταστήματος
1669 2457 1777 2531 ἑωρᾶτο.

182 2541 286 2618 ηγύρεις
304 2537 349 2596 καί
369 2535 414 2604 τδς
437 2535 526 2616 ἑορτάς
554 2539 755 2614 συντελουμένης
771 2538 861 2614 μόνον,
879 2538 910 2597 τδ
930 2537 957 2596 ll
1004 2539 1101 2620 liupila
1115 2563 1144 2598 τε
1164 2538 1216 2620 γάρ
1235 2533 1267 2610 ἧν
1282 2539 1404 2606 εὔτακτος
1426 2539 1471 2598 καΙ
1492 2539 1598 2618 βλίμμα
1620 2541 1778 2608 καθεστηκὸς

182 2626 272 2684 λοιπὸν
291 2626 383 2704 σγεδθν
401 2623 505 2682 ἀθύτων
527 2623 607 2682 όντων
627 2631 679 2690 τοῖς
696 2623 783 2691 ἀλλοις
803 2629 854 2684 τῶν
867 2629 956 2704 ἱερῶν·
1003 2627 1185 2698 ἐπετηδεύετο,
1210 2631 1246 2693 ὡς
1268 2625 1311 2685 ὅτε
1334 2628 1480 2704 βουληθεῖεν
1500 2626 1537 2702 μὴ
1558 2623 1777 2704 σκαρδαμύττειν·

183 2709 356 2789 ἀγνεύσαντας
368 2711 419 2790 γάρ
432 2710 485 2770 ίδιι
494 2711 628 2790 προσιίναι
638 2711 684 2770 καί
692 2713 795 2770 πολλῶν
807 2712 955 2791 ἀποσχομί·
1002 2713 1082 2789 γε’λως
1092 2714 1118 2772 δὲ
1134 2714 1255 2788 σπάνιος,
1265 2716 1287 2771 εΙ
1300 2713 1327 2770 δι’
1341 2734 1392 2770 που
1402 2712 1513 2788 γίνοιτο,
1526 2713 1605 2790 μέχρι
1616 2713 1776 2788 μειδιάσεως·

1708 2840 1768 2853 ¹2-

184 2893 956 2957 cornemiumprincipllunaeretiquisqueiucoeloettnmuomo
1002 2901 1379 2967 multaquemuatstinulnem.
1392 2902 1775 2965 uecsmncemqumconnn-

183 2971 371 3034 quirisepopuii
384 2969 568 3020 Ιῖθῦθθθθθῐῑΰθ
576 2969 652 3020 mim
663 2971 779 3031 Ιθῑθθίδῑν
792 2975 864 3034 ³¹tl¹¹0
877 2975 905 3022 ut
916 2985 957 3022 Μ
1003 2983 1039 3030 uis
1058 2981 1170 3043 quedam
1187 2981 1331 3043 templorum
1348 2980 1441 3041 AEgypti
1457 2981 1497 3028 tex
1509 2982 1553 3028 est.
1568 2981 1776 3030 omuibusauteru

183 3045 215 3094 ⁸¹¹
236 3057 292 3095 leli
308 3045 408 3096 dicendi
425 3047 567 3109 ωῐθθθΙΙθΙι
586 3048 672 3096 fflfflm
688 3061 824 3111 linumque
839 3051 955 3098 Ιθῐῐθῐῡῐθ
1002 3059 1026 3108 bi
1037 3059 1136 3122 opificiis
1147 3057 1317 3118 laboribusque
1326 3057 1438 3105 humanis
1458 3056 1600 3117 repudiatis,
1615 3057 1692 3104 totam
1702 3056 1777 3104 vitam

184 3123 296 3172 miili·
310 3126 369 3172 ΝΜ
386 3123 494 3172 minium
507 3123 661 3185 dammim·
672 3125 707 3174 ΙΙΙ
719 3125 757 3174 ΙΙΙ
774 3125 861 3174 mlum
878 3126 956 3187 litum
1001 3149 1068 3184 auam
1083 3135 1183 3184 deorum
1196 3137 1221 3183 et
1234 3133 1427 3196 contemplationi
1437 3131 1609 3194 etiospectiout
1618 3131 1775 3182 dedicarunt:

184 3203 286 3263 quatiat,
296 3203 333 3252 rel
344 3202 411 3252 leidis
421 3215 507 3251 arcana
514 3203 650 3264 patefaciat,
659 3205 698 3252 vol
708 3205 774 3266 quod
784 3205 859 3267 Abydi
873 3207 955 3254 occul·
1002 3223 1030 3258 ex
1051 3209 1196 3272 inspectione
1216 3210 1280 3258 enim
1300 3209 1430 3268 honorem,
1449 3208 1550 3258 tutelam
1561 3210 1586 3256 et
1605 3207 1716 3258 timorem
1728 3227 1733 3256 ι
1746 3223 1776 3256 ει

184 3283 236 3326 tom
246 3278 500 3340 latetdictuquenelas
509 3281 558 3338 est,
578 3279 603 3327 in
613 3281 690 3328 lucem
707 3281 823 3343 proterat,
841 3282 879 3330 rel
892 3284 957 3344 AEgy·
1002 3285 1202 3348 contemplatione
1213 3286 1350 3348 scientiam,
1362 3299 1392 3334 ex
1407 3287 1513 3348 utrique
1532 3283 1638 3334 abditam
1655 3285 1776 3346 quandam

185 3357 268 3420 ptinere
277 3357 343 3406 mnis
351 3369 449 3406 cursum
455 3356 574 3417 inhibeat,
584 3359 622 3408 rel
633 3359 657 3406 in
666 3359 787 3421 Typhonis
794 3359 893 3422 gratiam
902 3361 956 3409 osi·
1001 3363 1025 3410 et
1034 3375 1088 3422 quae
1102 3361 1202 3422 priscam
1210 3361 1348 3422 dignitatem
1360 3361 1469 3422 deceret,
1480 3373 1573 3409 morum
1582 3361 1775 3410 exercitationem

185 3433 243 3482 ridie
256 3433 364 3482 membra
373 3433 475 3495 disjiciat
493 3451 499 3482 ι
512 3434 641 3496 quidnam,
658 3434 756 3484 obsecro
765 3471 772 3496 ,
782 3437 819 3484 vel
835 3447 956 3486 summum
1001 3437 1045 3486 sibi
1057 3437 1233 3499 mmparabnut.
1243 3441 1302 3486 Nam
1313 3449 1407 3498 semper
1420 3438 1443 3486 in
1451 3436 1531 3485 divina
1538 3437 1671 3497 cognitione
1679 3441 1704 3486 et
1720 3438 1776 3485 allo-

184 3511 214 3558 ad
224 3513 344 3572 stuporem
358 3511 431 3571 atque
442 3509 578 3558 vecordiam
591 3511 635 3558 ista
643 3523 698 3572 quan
713 3523 790 3573 neque
805 3512 871 3560 norit
880 3525 957 3574 neque
1001 3513 1080 3562 ctione
1090 3513 1193 3572 versari,
1203 3513 1234 3564 ab
1250 3515 1315 3562 omni
1327 3513 1426 3562 avaritia
1437 3515 1462 3564 et
1475 3511 1730 3570 insolentiaexcludit,
1741 3515 1776 3562 ai-

185 3588 281 3638 eltioere
292 3589 370 3650 potest
380 3587 548 3648 comminanti,
562 3589 600 3637 vei
618 3587 770 3649 numinibus,
789 3602 843 3650 quaa
860 3589 958 3640 lictitlus
1003 3591 1079 3637 lectus
1091 3589 1205 3650 reprimit,
1216 3593 1368 3650 mentemque
1377 3588 1406 3636 erl
1422 3587 1599 3648 intelligentiam
1612 3588 1709 3636 excitat.
1722 3593 1777 3638 tur-

185 3665 230 3714 iste
239 3664 348 3713 dicante
358 3665 435 3712 terror
445 3663 602 3714 leviculorum
614 3663 741 3726 prmonum
751 3677 817 3714 more
832 3665 957 3729 percellat,
1002 3665 1128 3713 simoniam
1149 3664 1206 3712 item
1219 3666 1344 3726 victusque
1360 3663 1500 3714 tenuitatem
1518 3669 1543 3713 et
1557 3663 1728 3714 continentiam
1753 3669 1777 3712 ct

185 3753 303 3792 summam
319 3739 350 3788 ad
364 3739 523 3789 bumilitatem
540 3739 658 3801 reliquum
676 3741 749 3789 lecit?
765 3743 796 3789 Et
810 3743 890 3791 umen
906 3741 959 3792 haec
1002 3743 1153 3791 tolerantiam
1162 3743 1318 3804 exercebant,
1333 3743 1497 3805 justitiamque
1509 3745 1533 3792 ln
1543 3743 1688 3792 omnibuset
1700 3745 1776 3804 acqui-

185 3815 265 3866 omnia
273 3816 430 3878 cheremon,
439 3816 555 3866 mcerille
563 3817 658 3878 scriba,
667 3819 781 3878 tauquam
796 3817 958 3880 egyptiorum
1002 3823 1085 3872 tatem.
1096 3821 1247 3870 venerabiles
1260 3825 1341 3870 autem
1352 3835 1383 3870 ex
1394 3835 1423 3869 eo
1440 3821 1512 3870 etlam
1526 3821 1699 3880 reddebantur,
1711 3821 1776 3881 quod

185 3894 293 3944 omnium
310 3893 402 3956 pridem
413 3907 454 3943 ore
465 3895 555 3955 jactata
572 3895 724 3958 comoripsit,
738 3908 793 3958 quae
808 3895 905 3958 quidem
924 3895 959 3945 uti
1004 3912 1087 3960 μειιιιιι
1101 3898 1231 3948 admodum
1242 3911 1298 3947 cum
1312 3899 1364 3946 nilis
1382 3900 1543 3947 versarentur.
1559 3902 1618 3948 Nam
1631 3899 1654 3946 in
1666 3898 1717 3959 ipso
1735 3912 1776 3946 ra-

186 3969 292 4032 ejusdem
304 3982 401 4032 quoquc
409 3971 501 4032 generis
509 3974 587 4021 cetera
596 4008 603 4034 ,
613 3971 643 4021 ad
653 3971 700 4020 rim
709 3972 754 4020 diis
765 3972 909 4022 atterendam
919 3985 959 4035 po·
1003 3976 1121 4026 alimoniae
1130 3982 1153 4025 et
1166 3975 1337 4034 purificationis
1346 3979 1454 4038 tempore
1463 3989 1494 4024 ne
1502 3989 1557 4024 cum
1568 3977 1671 4024 macione
1679 3976 1776 4037 quidem

186 4047 503 4098 tenitanimaeasedictttaut.
939 4095 949 4114 ,
1003 4053 1047 4102 sibi
1071 4053 1176 4112 cognatis
1194 4055 1219 4101 et
1233 4052 1384 4102 consortibus
1403 4052 1604 4112 coruuemcbant3
1627 4065 1704 4112 neque
1719 4053 1778 4101 alias

560 4129 586 4178 4.
1004 4129 1209 4190 conspiciebantur
1220 4129 1264 4178 nisi
1278 4141 1353 4188 quum
1375 4128 1500 4176 permenii
1519 4128 1589 4176 simul
1605 4127 1776 4176 abstinentium

219 4209 253 4255 De
266 4207 427 4256 sacerdotibus
446 4207 560 4270 AEgyptiis
576 4209 681 4258 scribeus
692 4209 832 4260 ctrneremnn
846 4213 958 4274 Stoicus,
1005 4220 1060 4254 usare
1072 4207 1219 4267 requirerent
1237 4207 1426 4267 :quippequum
1440 4205 1569 4267 penetralia
1583 4205 1683 4266 impuris
1694 4207 1773 4254 elnon

187 4295 248 4344 quos
256 4282 320 4344 apud
336 4295 378 4332 eos
386 4283 517 4332 existimari
525 4285 598 4333 ettam
607 4285 760 4348 philosophos
771 4287 861 4348 iuquit,
871 4289 961 4351 templa
1005 4283 1110 4345 purgatis
1121 4281 1258 4330 hominibus
1278 4282 1411 4342 inaccessa,
1422 4281 1487 4330 etad
1501 4281 1682 4330 sacrittcmdum
1694 4285 1776 4330 sancta

187 4357 232 4406 sibi
249 4358 313 4420 ipsos
323 4359 394 4408 relect
405 4359 513 4420 elegisse,
522 4360 548 4408 in
560 4361 648 4422 quibus
656 4361 804 4422 degermtac
812 4365 960 4428 philosopha·
1006 4359 1144 4407 incolerent.
1157 4357 1329 4419 lteiiquoomni
1341 4359 1448 4418 tempore
1460 4357 1557 4406 liberius
1567 4371 1614 4404 una
1626 4371 1682 4405 cum
1692 4357 1776 4406 struiti-

189 4438 280 4484 rentur.
304 4435 397 4496 Quippe
416 4438 442 4484 et
461 4435 492 4484 ad
515 4437 649 4486 universam
676 4439 882 4500 contemplationis
902 4442 960 4491 (ιω.
1005 4437 1050 4484 bus
1069 4437 1105 4484 sui
1119 4435 1252 4497 regemne
1266 4449 1322 4484 cum
1334 4437 1419 4485 ceteris
1433 4449 1490 4484 nero
1510 4435 1629 4496 religionis
1639 4436 1778 4497 expertibus

189 4525 244 4560 rum
264 4513 435 4574 appetitionem
449 4516 576 4574 cognatum
589 4527 640 4564 ease
654 4513 791 4576 ridebatur,
804 4519 831 4565 ut
842 4517 872 4566 ad
886 4518 960 4568 simu·
1005 4513 1173 4563 commercium
1187 4515 1281 4564 nullum
1290 4514 1418 4564 trabebant.
1430 4517 1529 4576 semper
1538 4515 1618 4562 autem
1629 4526 1703 4575 prope
1718 4515 1776 4562 derne

189 4589 254 4638 tacta
262 4601 344 4638 atrum
353 4587 527 4652 assiderent;et
535 4589 560 4640 id
568 4593 621 4641 tum
631 4603 728 4641 securos
736 4591 800 4655 ipsos
810 4591 923 4644 reddebat
930 4609 961 4644 ex
1005 4593 1152 4654 deorumque
1165 4593 1255 4641 statuas
1266 4593 1303 4641 vel
1315 4593 1375 4641 terre
1384 4591 1474 4653 aliquid
1485 4592 1522 4640 vel
1533 4591 1659 4652 praesidere
1668 4592 1705 4640 vel
1722 4605 1777 4640 coc·

188 4665 271 4714 diviua
291 4667 456 4728 veneratione,
478 4679 554 4729 quum
572 4681 655 4718 omnes
674 4667 743 4730 quast
763 4682 829 4718 sacra
851 4673 961 4732 quedam
1006 4673 1104 4720 stituerc
1113 4668 1291 4718 cumniodestla
1299 4671 1445 4728 etgravitatc
1454 4669 1630 4729 spectabantur.
1645 4667 1720 4729 idque
1730 4679 1777 4716 non

188 4745 462 4808 animaliapliilosoplros
471 4745 560 4796 bonnm
569 4750 782 4809 prosequerentur:
793 4751 845 4796 tum
857 4749 961 4811 quietem
1007 4745 1201 4804 lastinalicuius,
1211 4744 1252 4794 sed
1265 4745 1380 4792 naturalis
1391 4744 1488 4792 radonis
1505 4744 1617 4792 indicium
1636 4746 1696 4792 erat.
1716 4747 1778 4793 itam

190 4821 247 4884 ipsis
264 4822 392 4884 atterebat,
408 4835 483 4884 quum
497 4821 521 4870 tn
539 4821 715 4872 celebritatibus
730 4825 897 4874 tantummodo
910 4839 962 4876 ver·
1006 4823 1145 4884 gravitatem
1156 4821 1314 4869 venerabilem
1324 4821 1396 4868 etiam
1407 4833 1437 4868 ex
1455 4820 1538 4868 babitu
1552 4821 1604 4880 ipso
1616 4831 1665 4881 prm
1676 4833 1702 4868 se
1715 4821 1777 4868 tere·

190 4901 292 4950 eandum
308 4915 364 4950 cum
375 4902 497 4964 aliquibus
510 4903 565 4963 ipsis
578 4903 656 4952 esset:
674 4903 767 4964 reliquo
780 4917 835 4953 vero
845 4906 893 4955 iere
902 4909 961 4955 tem·
1007 4901 1072 4948 bani·
1088 4901 1194 4946 incessus
1206 4897 1269 4944 ‘ssim
1279 4899 1330 4944 ‘1³2
1340 4895 1485 4955 ῐθῠθθῐθῑνθι
1498 4896 1622 4957 adspectus
1634 4897 1739 4956 ”diluis
1751 4900 1779 4945 ΙΙΙ

191 4990 250 5042 pore
270 4978 413 5040 templorum
431 4977 511 5026 aditus
527 4977 580 5028 otiis
598 4992 646 5028 uon
665 4983 756 5040 pateret
775 4999 780 5028 :
799 4993 828 5028 eo
848 4983 911 5044 quod
932 4983 962 5031 ad
1007 4975 1205 5039 quandocumque
1222 4975 1365 5034 voluissent,
1389 4975 1464 5024 oculis
1483 4975 1581 5024 minime
1605 4975 1751 5024 uietnreutor
1771 4995 1777 5024 :

192 5067 221 5104 ea
232 5055 345 5104 accedere
362 5055 430 5106 aliter
447 5067 494 5103 oon
517 5058 627 5118 possent,
642 5057 685 5104 nisi
700 5059 763 5106 caste
772 5071 796 5106 sc
808 5059 932 5118 gessissent
948 5074 962 5108 a
1008 5055 1070 5108 risus
1079 5053 1209 5103 admodum
1220 5067 1286 5101 rarus
1301 5055 1373 5116 atquc
1383 5053 1512 5114 ejusmodi,
1526 5057 1552 5102 ut
1565 5067 1612 5101 uon
1622 5053 1685 5102 ultra
1698 5053 1780 5103 vuitus

284 5161 424 5198 runconia
441 5161 530 5197 ilistori-
546 5161 584 5194 oti.
601 5173 625 5182 -·
642 5161 694 5196 ittb·
712 5161 743 5196 ΙΙΙ-
1593 5189 1617 5230 Ἠ
