3910 5728
929 319 1065 378 sn‘rlal

540 486 647 572 ΒΙΟΙ

307 650 514 728 [οιειιιευιι
537 650 602 708 uni
625 649 879 726 arenearum.

452 744 733 822 [narrandos]

583 875 606 910 1.

245 975 393 1035 Athenaeus
404 978 471 1046 xli,
484 995 513 1050 p.
528 975 597 1050 534,
610 979 648 1032 B:
662 971 727 1054 Περὶ
740 972 767 1031 el
777 977 821 1030 τοῦ
830 975 909 1032 καλοῦ
922 973 980 1033 Ἀλ-

207 1064 325 1122 κιθιάδου
341 1063 457 1141 Σάτυρος
475 1065 584 1139 ἱστορῶν
599 1088 611 1112 ι
627 1059 739 1138 Λέγεται
754 1060 765 1136 ί
772 1061 878 1140 φησίν),
900 1057 939 1118 ότι
953 1065 979 1120 ἐν

207 1149 290 1228 ἸωνίαΙ
306 1150 352 1226 μὲν
367 1147 419 1224 ὢν,
432 1145 528 1208 Ἰώνων
539 1147 656 1226 ἐφαίνετο
665 1147 871 1227 τρυφερώτερος,
886 1149 913 1204 ἐν
925 1148 980 1218 Θή·

206 1237 264 1304 όαις
279 1235 307 1294 δέ
327 1237 474 1312 σωμασκῶν
489 1234 534 1292 καί
554 1235 761 1311 γυμναζόμενος,
781 1239 833 1292 τῶν
852 1233 979 1305 Θηόαίων

206 1325 290 1382 αὐτῶν
305 1323 404 1396 μᾶλλον
421 1320 557 1392 Βοιώτιος,
580 1323 605 1378 ἐν
621 1320 754 1398 Θετταλίᾳ
770 1322 797 1378 δέ
814 1323 980 1400 ἱπποτροφῶν

205 1409 250 1468 καί
264 1412 393 1486 ἡνιοχῶν,
409 1411 459 1464 τῶν
474 1406 617 1465 Ἀλευαδῶν
631 1405 817 1485 ἱππικώτερος,
830 1408 855 1464 ἐν
869 1407 979 1484 Σπάρτῃ

205 1496 232 1554 δέ
257 1495 394 1575 καρτερίαν
417 1493 463 1551 καί
486 1492 607 1572 ἀφέλειαν
629 1492 802 1566 ἐπιτηδεύειν,
826 1493 898 1551 ἐνίκα
921 1491 979 1558 τοθς

206 1582 348 1652 Λάκωνας,
363 1584 475 1659 ὑπερῆρε
493 1579 517 1636 δέ
535 1581 580 1637 καί
594 1579 641 1652 τὴν
662 1584 713 1638 τῶν
730 1584 844 1660 Θρᾳκῶν
866 1583 981 1658 ἀκρατο-

204 1669 310 1730 ποσίαν.
337 1667 394 1736 Τὴν
416 1667 442 1725 δέ
466 1670 543 1724 αὑτοῦ
566 1676 676 1744 γυναῖκα
699 1671 808 1746 πειρῶν,
827 1673 862 1734 ab<
884 1666 981 1744 ἕτερος,

205 1755 320 1834 ἔπεμψεν
334 1756 399 1831 αὐτῇ
412 1752 510 1831 χιλίους
523 1752 673 1832 Δαρεικούς.
691 1755 835 1818 Κάλλιστος
847 1752 874 1810 δὲ
886 1749 921 1810 ὢν
934 1751 981 1822 τὴν

206 1845 320 1922 μορφὴν,
335 1841 420 1916 κόμην
437 1862 464 1896 τε
482 1838 585 1918 έτρεφεν
602 1839 644 1898 ἐπὶ
661 1837 726 1897 πολὺ
747 1843 792 1908 τῆς
805 1840 921 1912 ἡλικίας,
935 1839 980 1896 καί

206 1927 362 2004 ὑποδήματα
379 1925 586 2004 παρηλλαγμένα
601 1925 701 2005 ἐφόρει,
715 1925 732 1983 ἃ
747 1928 792 1984 ἀπ’
805 1929 883 1984 αὐτοῦ
897 1925 981 1985 Ἀλκι-

205 2013 298 2078 θεοίδιις
304 2014 433 2072 καλεῖται.
447 2009 516 2070 Ὅτε
534 2011 561 2070 δὲ
572 2013 698 2092 χορηγοίη
712 2012 853 2087 πομπεύων
872 2015 898 2070 ἐν
914 2036 981 2092 πορ-

205 2100 291 2180 φυρίδι
299 2145 306 2171 ,
317 2098 403 2158 εἰσιών
419 2102 453 2165 εἶς
464 2098 493 2157 τὸ
507 2099 612 2179 θέατρον
625 2101 784 2176 ἐθαυμάζετο
798 2102 826 2158 οὐ
842 2099 919 2175 μόνον
930 2101 981 2157 barb

205 2190 256 2244 τῶν
277 2183 389 2267 ἀνδρῶν,
409 2186 478 2244 ἀλλά
497 2185 542 2244 καί
561 2187 611 2244 ὑπὸ
630 2191 682 2244 τῶν
706 2191 844 2262 γυναικῶν.
868 2185 916 2244 Διδ
938 2186 983 2244 καὶ

206 2273 364 2345 Ἀντισθένης
378 2277 391 2330 ό
406 2273 592 2352 Σωκρατικός,
607 2277 642 2340 ώς
655 2272 686 2331 ἀν
701 2274 777 2336 αὐτὸς
796 2271 927 2341 αὐτόπτης
938 2297 981 2350 γε·

205 2360 286 2436 γονὼς
307 2365 353 2416 τοῦ
376 2359 553 2431 Ἀλκιύιάδου,
573 2358 679 2438 ίσχυρθν
700 2358 777 2417 αὐτὸν
797 2356 842 2416 καί
865 2357 982 2436 ἀνδρώδη

207 2445 252 2504 καλ
269 2444 423 2508 ἀπαίδευτον
440 2444 485 2502 καί
506 2445 636 2524 τολμηρὸν
650 2446 695 2504 καί
708 2449 802 2526 ώραῖσν
821 2448 861 2524 ἐφ’
882 2444 983 2514 ἡλικίας

206 2530 324 2608 γενέσθαι
334 2531 421 2610 φησίν.
438 2535 483 2598 Εἰς
493 2531 520 2590 δέ
531 2531 576 2598 τάς
591 2532 738 2608 ἀποδημίας
750 2531 827 2590 ὁπότε
838 2529 983 2602 στέλλοιτο,

205 2617 329 2698 τέσσαρσι
343 2623 394 2676 τῶν
412 2619 585 2697 συμμαχίδων
599 2619 700 2676 πολεων
715 2618 803 2700 ώσπερ
819 2617 984 2698 θεραπαίναις

206 2708 312 2784 ἀχρῆτο.
337 2705 441 2777 Σαιηνὴν
465 2705 512 2780 μέν
536 2705 587 2784 γάρ
617 2709 687 2784 αὐτῷ
707 2705 844 2786 Περσικὴν
870 2704 983 2775 ἔπησσον

206 2790 339 2870 Ἐφέσιοι,
351 2791 447 2872 τροφὴν
460 2789 487 2848 δὲ
504 2793 555 2858 τοῖς
569 2789 658 2858 ἵπποις
673 2795 751 2851 αὐτοῦ
766 2795 826 2853 Χῖοι
839 2799 980 2872 παρεῖχον,

208 2877 286 2958 ἱερεῖα
302 2877 329 2936 el
345 2878 510 2957 παρίστασαν
534 2877 630 2944 riarde
653 2879 739 2945 θυσίας
761 2879 806 2937 καί
826 2879 983 2958 κρεανομίας

544 3045 646 3104 VlTAE

172 3167 183 3184 ·
232 3197 237 3201 -
264 3128 272 3152 ⁸
311 3171 462 3247 [aueum
488 3174 534 3231 ar
555 3171 869 3248 rnrnnnnnonuuy.

464 3283 724 3360 [sacrasacra]

237 3487 273 3535 De
292 3485 396 3535 formose
412 3487 532 3537 Alcibiade
551 3501 649 3537 narrans
670 3471 768 3550 Sdtyrus
782 3489 816 3536 sic
834 3488 868 3536 ait
889 3506 921 3535 :a
940 3487 981 3535 lii·

206 3565 278 3624 cunt,
291 3575 366 3624 quum
380 3564 403 3612 in
418 3563 482 3612 lenia
496 3566 570 3623 esset,
581 3565 764 3613 luxuriosiorem
781 3564 852 3613 luisse
871 3563 981 3623 lenibus;

206 3652 282 3700 quum
296 3639 383 3688 Thebis
392 3641 602 3690 exercitationibus
611 3641 716 3703 corporis
727 3641 794 3690 darei
805 3653 917 3703 operam,
929 3654 982 3688 ma-

206 3719 242 3780 gis
255 3720 366 3769 limatum
381 3733 453 3782 quarn
473 3721 515 3783 ipsi
527 3723 647 3784 Thebani,
663 3722 689 3770 in
705 3723 825 3771 Thessalia
841 3735 981 3783 veroquam

208 3795 300 3846 alendis
311 3796 379 3857 equis
390 3801 414 3846 et
424 3797 564 3859 aurigatieni
576 3801 686 3858 vacaret,
702 3799 838 3859 peritiorem
850 3799 914 3846 illins
925 3799 983 3847 artis

209 3873 362 3936 fuissequam
380 3875 500 3924 Aleuadaa.
519 3879 609 3938 sparta
625 3890 682 3924 nero
700 3877 856 3939 patientire'et
873 3878 982 3926 terruilati

207 3949 285 3998 victus
297 3953 423 4013 cultusque
432 3951 545 4012 studens,
558 3955 687 4014 spartanos
698 3953 831 4015 superavil;
842 3953 866 4001 in
883 3954 983 4002 Thracia

207 4038 289 4074 rursus
299 4027 404 4076 Thraces
419 4029 478 4076 meri
491 4031 548 4090 potu
565 4029 709 4079 antecelluit.
722 4029 787 4079 idem
802 4030 904 4092 proprian
914 4031 982 4078 uxori

208 4105 395 4168 (Philerotis),
407 4120 456 4168 quo
465 4121 519 4156 eam
530 4110 645 4169 tentaret,
655 4108 733 4157 alieno
740 4109 836 4158 nemine
845 4109 909 4157 mille
918 4109 983 4158 misit

207 4183 312 4233 Dmicoa
326 4189 407 4244 Quum
418 4188 499 4235 autern
511 4187 652 4248 pulcerrima
666 4190 727 4236 esset
737 4187 843 4249 corperis
854 4188 929 4236 lerina
939 4223 946 4244 ,
958 4185 982 4234 in

207 4272 316 4323 pugnam
328 4263 406 4310 aetatis
418 4265 511 4323 partem
528 4275 622 4312 conam
638 4263 713 4323 aluit,
730 4265 754 4312 et
769 4263 890 4313 insolitum
909 4275 983 4325 genus

207 4336 343 4384 calceorum
357 4337 477 4398 gestabat,
495 4337 537 4400 qui
557 4338 588 4386 ab
606 4338 646 4386 illo
663 4339 806 4388 Alcibiades
826 4339 877 4398 (ci.
897 4339 981 4386 Pollux

207 4415 266 4473 vii,
283 4413 327 4474 89)
344 4413 506 4464 nominantur.
519 4414 618 4471 Quoties
631 4413 702 4463 ludos
712 4415 818 4476 publices
829 4427 872 4462 sue
884 4415 981 4474 sumptu

208 4487 301 4549 raderet,
318 4501 423 4551 purpura
438 4491 540 4539 amictus
555 4491 580 4538 in
595 4503 681 4552 pompa
697 4491 838 4552 procedens,
858 4494 932 4552 atque
949 4490 981 4538 ita

208 4569 328 4618 theatrum
346 4569 492 4631 ingrediens,
513 4569 670 4619 admiratione
687 4567 831 4632 percellebat
849 4581 896 4616 non
915 4569 981 4618 viros

208 4646 289 4706 modo,
300 4659 384 4694 rerum
394 4649 506 4697 mulieres
512 4661 616 4711 quoque.
625 4651 705 4705 Quare
715 4647 865 4697 Antisthenes
876 4647 981 4696 Socrati·

208 4735 263 4783 cus,
272 4723 314 4786 qai
324 4724 374 4785 ipse
382 4725 454 4773 etiarn
464 4723 556 4773 viderat
565 4725 725 4786 Alcibiadem,
735 4725 779 4785 ait,
789 4723 913 4772 robustum
925 4737 980 4773 eum

207 4801 232 4848 et
243 4800 328 4849 iortem
340 4803 365 4850 et
373 4801 503 4864 disciplinae
514 4805 679 4863 aspernantem
687 4806 712 4852 et
722 4803 838 4851 audacem
853 4805 878 4851 et
889 4803 980 4851 lermo-

1025 451 1176 522 Κυζικηνοὶ,
1196 449 1302 510 Λίσὸιοι
1317 450 1344 510 δὲ
1358 442 1424 508 οἶνον
1438 458 1563 529 παρεῖχον
1578 451 1622 508 καί
1634 451 1667 508 τά
1680 451 1747 510 ἀλλα
1761 455 1795 510 τά

1024 537 1086 616 πρὸς
1100 537 1146 607 τὴν
1164 541 1222 596 καθ’
1237 536 1338 616 ἡμέραν
1361 535 1470 596 δίαιταν.
1485 537 1651 616 Ἀφικόμενος
1673 541 1698 596 δ’
1720 539 1797 610 Ἀθή-

1023 647 1095 694 νησιν
1110 623 1135 692 ἐξ
1157 623 1319 699 Ὀλυμπίας,
1341 623 1386 681 δύο
1404 623 1514 689 πίνακας
1528 627 1669 701 ἀνέθηκεν,
1689 625 1798 704 Ἀγλαυ-

1024 714 1121 788 φῶντος
1134 711 1249 790 γραφήν·
1268 702 1303 768 ών
1319 715 1332 767 θ
1350 708 1396 785 μέν
1412 703 1487 790 εἶχεν
1496 711 1664 785 Ὀλυμπιάδα
1680 713 1724 770 καί
1739 717 1799 774 ssu-

1024 797 1100 854 θιάδα
1120 796 1294 878 στεφανούσας
1315 797 1408 870 αὐτὸν,
1433 801 1460 856 ἐν
1484 798 1511 854 δὲ
1534 798 1634 878 θατέρῳ
1656 799 1746 873 Νεμέα
1766 791 1797 870 ἦν

1023 884 1172 960 καθημένη,
1189 883 1234 941 καί
1253 883 1296 942 ἐπὶ
1318 888 1369 941 τῶν
1388 883 1503 962 γονάτων
1524 887 1604 956 αὐτῆς
1619 885 1797 958 Ἀλκιύιοίδης,

1024 970 1136 1028 καλλίων
1158 970 1308 1050 φαινόμενος
1327 973 1377 1028 τῶν
1396 970 1547 1048 γυναικείων
1569 972 1726 1051 προσώπων.
1744 975 1798 1034 Καὶ

1024 1062 1175 1136 στρατηγῶν
1199 1057 1225 1115 δὲ
1247 1057 1284 1116 έτι
1307 1057 1386 1124 καλθς
1407 1049 1473 1116 εἶναι
1494 1057 1601 1129 ἤθελεν·
1623 1059 1720 1118 ἀσπίδα
1738 1066 1799 1138 γοῦν

1024 1137 1092 1223 εἶχεν
1111 1147 1141 1202 έκ
1161 1144 1269 1224 χρυσίου
1285 1144 1330 1202 καί
1344 1145 1479 1220 ἐλέφαντος
1498 1145 1694 1220 πεποιημένην,
1715 1147 1753 1228 ἐφ’
1770 1140 1801 1218 ἧς

1023 1223 1054 1301 ἦν
1065 1231 1192 1308 ἐπίσημον
1205 1230 1267 1310 ἔρως
1279 1231 1401 1309 κεραυνὸν
1411 1231 1598 1309 ἠγκυλημένος.
1608 1231 1801 1306 Ἐπικωμάσας

1024 1317 1051 1376 δέ
1067 1341 1130 1376 ποτε
1142 1322 1176 1384 ὡς
1191 1318 1314 1394 Ἀνυτον,
1328 1317 1439 1396 ἐραστὴν
1452 1319 1514 1376 ὄντα
1529 1318 1573 1376 καί
1585 1318 1720 1390 πλούσιον,
1736 1344 1797 1378 συν-

1024 1404 1232 1480 επικωμάζοντος
1254 1405 1325 1484 αύτῷ
1352 1408 1403 1462 τῶν
1435 1404 1544 1483 ἑταίρων
1570 1404 1624 1470 ένθς
1645 1407 1800 1484 Θρασύλλου

1026 1495 1090 1567 (τῶν
1103 1494 1218 1561 πενήτων
1234 1492 1256 1548 δ’
1268 1483 1339 1557 ούτος
1350 1483 1381 1561 ἦν
1390 1489 1414 1568 λ,
1429 1490 1547 1570 προπιών
1557 1495 1594 1570 τῷ
1608 1493 1757 1572 Θρασύλλῳ
1769 1494 1801 1550 τὰ

1024 1580 1107 1653 ἡμίση
1122 1583 1173 1637 τῶν
1190 1579 1320 1657 ποτηρίων
1340 1583 1390 1636 τῶν
1411 1577 1455 1636 ἐπὶ
1472 1581 1510 1658 τῷ
1528 1579 1650 1658 κυλικείῳ
1663 1581 1801 1656 προκειμέ-

1025 1691 1073 1724 νων
1095 1666 1213 1724 έκέλευσε
1235 1665 1292 1730 τοὺς
1313 1663 1483 1730 ἀκουλούθους
1504 1665 1641 1745 ἀποφέρειν
1669 1667 1732 1742 πρὸς
1755 1668 1799 1726 τθν

1024 1753 1193 1832 Θράσυλλον·
1207 1743 1251 1812 rit·
1274 1751 1341 1810 οὕτω
1362 1750 1616 1832 φιλοφρονησάμενος
1633 1751 1676 1810 τὸν
1695 1751 1799 1812 Ἄνυτον

1026 1839 1217 1912 ἀπηλλάσσετο.
1229 1839 1262 1899 ‘0
1275 1837 1302 1896 δέ
1314 1836 1417 1906 Ἀνυτος
1431 1839 1499 1896 πάνυ
1519 1839 1666 1918 ἐλευθερίως
1680 1839 1724 1897 καί
1741 1843 1803 1919 ἀρω-

1025 1932 1115 1998 τικῶς,
1133 1926 1261 2000 λεγόντων
1275 1929 1367 1998 τινῶν,
1388 1929 1423 1992 ώς
1444 1923 1580 2002 ἀγνώμονα
1596 1925 1635 1996 είη
1652 1927 1799 1996 πεποιηκὼς

1026 2019 1039 2072 ό
1053 2013 1230 2086 Ἀλκιύιάδης,
1242 2014 1282 2073 Ού
1296 2011 1333 2090 μθι
1345 2011 1401 2088 Δί’,
1412 2011 1475 2092 ἔφη,
1487 2013 1544 2070 ἀλλ’
1556 2011 1719 2090 εὐγνώμονα·
1734 2013 1802 2092 ἔχων

1027 2100 1142 2167 ἐξουσίαν
1162 2098 1267 2157 ἅπαντα
1278 2098 1369 2157 λαθεῖν
1374 2144 1382 2170 ,
1393 2097 1426 2155 τά
1437 2097 1521 2173 ἡμίση
1533 2097 1683 2156 κατέλιπεν.
1698 2126 1710 2150 ι

1145 2255 1351 2314 aronnaror
1372 2256 1448 2313 ror
1469 2225 1680 2312 naereses.

1351 2411 1430 2446 .2.

1067 2533 1146 2588 Idem
1158 2533 1269 2605 x11,p.
1288 2531 1355 2600 541,
1371 2531 1392 2587 C
1415 2551 1422 2584 :
1437 2527 1503 2606 Περὶ
1515 2528 1542 2585 δὲ
1556 2532 1601 2596 τῆς
1613 2527 1746 2586 Διονυσίου
1759 2531 1803 2584 τοῦ

1027 2614 1151 2696 νεωτέρου
1175 2615 1295 2680 Σικελίας
1313 2614 1437 2692 τυράννου
1453 2619 1550 2693 τρυφῆς
1569 2614 1686 2692 Σάτυρος
1699 2617 1713 2670 δ
1728 2637 1800 2692 περι·

1027 2702 1167 2774 πατητικθς
1194 2705 1302 2782 ίστορῶν
1326 2703 1352 2759 ἐν
1377 2702 1429 2768 τοῖς
1453 2700 1536 2772 Βίοις,
1560 2699 1721 2778 πληροῦσθαί
1740 2721 1803 2777 φησι
1847 2769 1852 2778 ⁸

1028 2789 1091 2868 παρ’
1113 2793 1184 2868 αὐτῷ
1198 2787 1440 2868 τριακοντακλίνους
1453 2787 1537 2854 οίκους
1550 2787 1600 2847 ύττδ
1622 2791 1673 2843 τῶν
1691 2789 1805 2865 εὐωχου-

1029 2875 1122 2952 μένων.

1027 3040 1092 3098 chii;
1106 3039 1251 3087 victimasad
1261 3038 1376 3088 sacrilrcia
1383 3041 1407 3087 el
1417 3039 1446 3087 ad
1456 3039 1622 3088 viscerationes
1629 3038 1738 3100 Cyziceni
1749 3051 1805 3099 sup

1026 3117 1177 3180 peditabanl;
1190 3118 1265 3166 Lesbii
1277 3130 1334 3166 rere
1346 3117 1429 3164 sinum
1439 3119 1464 3165 et
1481 3117 1526 3165 alia
1544 3115 1575 3165 ed
1586 3115 1751 3177 quotidianum
1767 3115 1804 3164 ri-

1028 3197 1095 3243 ctum
1105 3194 1244 3242 necessaria.
1255 3193 1359 3242 Athenas
1373 3205 1481 3242 reversus
1492 3205 1522 3241 ex
1532 3193 1657 3254 Olympia,
1667 3191 1727 3240 duas
1735 3191 1806 3240 tabu·

1026 3271 1061 3318 las
1073 3270 1206 3329 dedicarit,
1217 3269 1386 3332 Aglaophontis
1397 3269 1494 3330 pictoris
1505 3281 1577 3330 opera
1591 3287 1597 3317 ι
1610 3281 1712 3330 ηυαιυω
1728 3269 1806 3316 altera

1026 3345 1193 3410 Olympiadem
1205 3347 1332 3396 exhibebat
1341 3349 1365 3395 et
1378 3345 1517 3406 Pythiadem
1533 3347 1674 3392 coronantes
1683 3343 1764 3402 illum;
1779 3343 1804 3392 in

1026 3425 1100 3474 altera
1110 3427 1160 3474 erat
1170 3427 1257 3474 h'emea
1266 3425 1362 3484 εοθειιο,
1373 3427 1397 3472 et
1406 3437 1476 3484 super
1485 3422 1537 3484 ejus
1545 3423 1643 3483 genibus
1656 3421 1805 3481 Alcibiades,
1818 3424 1823 3434 ’

1029 3503 1147 3564 pulcriore
1160 3503 1235 3550 lerina
1246 3503 1314 3551 laciei
1326 3515 1399 3564 quam
1417 3503 1485 3550 erant
1503 3501 1631 3550 muliebres
1642 3501 1734 3549 terma.
1748 3503 1805 3550 lam

1026 3579 1076 3628 dux
1087 3592 1162 3641 quum
1173 3581 1234 3627 esset
1250 3579 1381 3640 exercilus,
1396 3578 1475 3626 adhuc
1493 3577 1610 3626 lormesua
1625 3589 1676 3625 esse
1686 3577 1800 3634 volebat;

1026 3656 1109 3717 itaque
1119 3657 1215 3704 scutum
1229 3654 1320 3716 hahuit,
1331 3669 1361 3704 ex
1371 3667 1429 3702 aure
1439 3657 1463 3702 et
1474 3653 1546 3703 ebore
1555 3655 1705 3714 conlectum,
1719 3654 1743 3702 iu
1753 3665 1804 3715 quo

1026 3731 1805 3796 proinsignieratAmcrlulmenribrans.Comessutumaliquande

1026 3825 1102 3875 quum
1112 3812 1192 3861 inisset
1201 3811 1230 3860 ad
1246 3813 1365 3872 Anytum,
1377 3824 1449 3872 aquo
1460 3811 1593 3871 amabatur,
1608 3809 1706 3859 divitem
1723 3809 1804 3860 lierni-

1025 3902 1095 3947 nem,
1111 3891 1199 3938 comite
1217 3887 1339 3949 Thrasyllo
1356 3901 1405 3936 unc
1420 3900 1435 3935 a
1449 3887 1499 3936 suis
1519 3887 1675 3935 familiaribus
1696 3884 1747 3945 leui
1764 3897 1804 3934 res

1026 3969 1077 4014 erat
1086 3968 1185 4027 augusta
1195 3965 1273 4025 domi)
1282 4001 1289 4025 ,
1299 3965 1427 4026 propinans
1436 3963 1560 4024 Thrasyllo
1573 3963 1695 4012 dimidiam
1707 3963 1803 4023 partem

1027 4041 1167 4102 poculorum
1193 4043 1217 4089 in
1244 4041 1318 4090 abaco
1344 4041 1508 4102 expositorum
1529 4039 1682 4101 pedissequos
1708 4039 1805 4087 auterre

1025 4119 1095 4179 jussit
1105 4120 1129 4166 ct
1143 4119 1173 4166 ad
1182 4117 1332 4178 Thrasyllum
1347 4121 1486 4178 asportare:
1504 4115 1589 4164 deinde
1603 4115 1704 4164 comiter
1721 4115 1803 4164 valere

1024 4193 1090 4254 jusso
1099 4197 1190 4255 Anyto,
1202 4193 1317 4242 discessit.
1331 4195 1359 4240 at
1369 4191 1497 4241 liberaliter
1506 4191 1636 4240 admodum
1645 4193 1804 4252 amanterque

1026 4272 1131 4331 Anytus,
1143 4269 1285 4332 quibusdam
1304 4268 1437 4318 dicentibus
1452 4269 1532 4330 inique
1549 4268 1623 4330 egisse
1638 4266 1802 4324 Alcibiadem

1028 4367 1039 4388 ν
1053 4349 1185 4404 imovero,
1196 4357 1237 4407 per
1254 4347 1353 4404 lovem,
1365 4345 1456 4408 inquil,
1466 4358 1496 4392 cx
1507 4357 1578 4405 reque
1589 4347 1613 4391 et
1629 4343 1692 4391 bone
1705 4361 1711 4390 ι
1724 4355 1801 4404 quum

1026 4423 1090 4473 enirn
1099 4425 1239 4485 potestatem
1249 4423 1368 4472 habuisset
1376 4422 1457 4470 omnia
1465 4420 1597 4483 auferendi,
1609 4419 1735 4469 dimidium
1744 4420 1802 4468 reli-

1026 4501 1085 4562 quit.
1098 4521 1110 4544 ν

1222 4589 1393 4650 DlONYSll
1414 4589 1599 4649 JUNIORlS.

1396 4715 1422 4766 2.

1055 4809 1090 4854 De
1101 4806 1206 4866 Dionysii
1223 4806 1324 4866 junioris
1333 4803 1442 4866 luxuria,
1456 4803 1543 4853 Sicilire
1554 4801 1664 4865 tyranni,
1678 4800 1751 4850 verbs
1762 4803 1799 4848 ta-

207 4889 262 4924 srrrn
270 4879 321 4926 tota
334 4878 406 4928 luisse
416 4881 495 4928 alate.
506 4880 605 4937 Quoties
615 4892 711 4941 peregre
722 4879 811 4938 abiret,
820 4881 935 4940 quattuor
943 4891 981 4928 so·
1024 4883 1088 4930 ciens
1095 4883 1193 4942 satyrus
1204 4883 1371 4943 Peripateticus
1380 4881 1404 4930 in
1412 4880 1485 4940 Vitis,
1497 4899 1509 4922 r
1520 4877 1583 4941 apud
1593 4889 1657 4938 eum,
1668 4877 1709 4934 ait,
1719 4877 1797 4938 (φυο-

207 4953 251 5002 ciis
259 4953 395 5004 deitatibus
407 4955 481 5004 reluti
497 4955 592 5004 lamulis
603 4955 715 5005 utebatur
731 4974 737 5004 ι
749 4967 805 5004 nam
816 4957 946 5004 tentorium
959 4956 980 5006 ei

1026 4957 1100 5014 lidie)
1119 4957 1215 5019 triginta
1238 4958 1311 5008 lecim
1331 4959 1437 5007 ecuriris
1453 4957 1517 5006 laute
1535 4953 1685 5017 epulantibus
1703 4950 1798 5012 impleri

209 5029 328 5080 Persicum
338 5030 440 5092 agebam
450 5031 835 5094 liplresii;equisipsiuspabulum
843 5032 980 5094 praebebant
1023 5033 1135 5082 solitos„
