3886 5740
214 303 267 354 ito
842 291 1053 352 constitnit
1073 291 1178 350 nihii

212 421 326 501 περὶτῆς
337 420 444 500 Συρίας.
458 419 512 480 Καί
523 420 663 492 ἡεεηθείςθ
676 419 804 500 Ἀντίοχος
817 424 853 488 είς
867 422 985 500 Πάρθους
1030 441 1079 493 que
1088 441 1136 492 pro
1145 425 1423 492 spdoeiunicerrttate]
1431 425 1568 487 serebant,
1580 423 1658 476 donec
1664 429 1807 487 cupermus

212 507 340 588 οίπέρυγι,
352 507 396 566 καί
411 507 516 587 ὕστερον
528 507 660 588 Πομπηίῳ
671 509 761 568 lambo
774 508 937 587 ένεχείρισεν,
951 509 987 574 ὥς
1032 513 1213 566 Antiochnsod
1223 511 1437 574 Porthmrssuoo
1446 514 1541 574 recepit
1552 512 1594 572 (7).
1602 511 1806 574 idempostaots)

212 597 345 654 ὑπἀὐτοῦ
355 593 584 674 καταχθησόμενος
595 598 630 661 είς
641 594 687 666 τὴν
698 595 851 675 Συρίαν.’0
861 595 887 656 ii
898 592 987 654 λαόιλνν
1030 614 1078 666 per
1101 603 1251 664 Pompeium
1271 603 1464 650 intercessorem
1481 598 1589 660 σρσθσί,
1604 601 1635 648 ut
1654 603 1681 648 in
1702 601 1808 660 Surium

212 679 285 759 παρὰ
297 683 349 738 τῶν
361 678 512 759 Ἀντιοχέων
524 680 664 758 χρήματα,
679 687 723 740 τοῦ
744 679 791 756 μίν
809 683 856 740 οὐκ
870 682 988 760 ίφρόντι-
1032 687 1215 744 redemtum
1231 699 1321 738 oerum
1339 686 1394 742 hic,
1416 690 1527 750 ρσευκίσ
1544 685 1578 736 ob
1590 685 1751 738 Antiochenis
1767 699 1808 734 oc·

212 787 266 838 σεν,
287 767 429 844 αὐτόνομον
442 767 468 826 ti
481 765 527 837 rhu
546 767 621 825 πόλιν
634 767 715 826 είασε.
731 768 896 848 Πεμψάνεων
908 767 934 826 bl
946 771 987 828 ἐπ’
1031 783 1120 838 cepto,
1136 775 1239 825 nullom
1253 775 1326 824 illius
1342 786 1433 824 curum
1450 777 1540 836 ρεεείί,
1560 774 1669 836 urbisne
1687 773 1810 822 libertate

212 851 288 912 αὐτόν
301 857 398 932 (Seni,
409 853 500 920 αὐτοὺς
512 857 576 912 cod.
585 852 592 930 )
602 855 733 916 Μενέλαον
743 855 788 913 καί
796 855 935 932 Λάμπωνα
943 855 988 914 καί
1026 864 1088 926 scut
1102 865 1231 914 concutit.
1255 865 1367 913 interint
1388 865 1414 912 et
1425 861 1599 912 Alexandrini
1614 863 1697 910 mimir
1715 861 1809 921 tegatis

213 939 413 1020 Καλλίμανδρον
434 940 630 1020 Ἀλεξανδρέων,
650 941 735 1018 ὅπως,
758 942 923 1018 Πτολεμαίου
942 948 987 1002 τοῦ
1032 951 1162 1006 Menelao,
1177 953 1305 1012 lampone
1312 953 1338 998 et
1350 949 1529 1000 colltmondro
1540 947 1667 1010 rogabunt
1678 947 1808 1006 illumiii.

211 1027 336 1088 Διονύσου
348 1032 393 1098 τῆς
405 1027 596 1108 Ἀλεξανδρείας
606 1029 757 1098 ίκσεάντος,
769 1029 844 1096 αὐτὸς
853 1029 932 1088 ίλθιίιν
941 1035 988 1101 τῆς
1031 1031 1071 1087 ut,
1090 1025 1203 1090 ‘¹5th
1218 1027 1267 1088 ίίθ
1285 1039 1312 1074 ⁰·
1332 1027 1381 1086 (ἢ)
1403 1025 1567 1076 humilima
1586 1025 1724 1076 Pl⁰lm⁰
1752 1029 1809 1074 ⁰5⁰¹

212 1115 345 1192 Αἰγύπτου
361 1117 504 1194 βασιλεύσῃ
520 1115 587 1192 μετὰ
602 1117 653 1172 τῶν
667 1115 814 1197 θυγατέρων
828 1121 873 1176 τοῦ
887 1119 986 1176 Πτολε·
1032 1127 1107 1178 npaa,
1117 1117 1222 1177 AElllm
1235 1125 1343 1175 reim
1355 1126 1410 1164 “¹¹⁰
1425 1125 1485 1162 fflm
1497 1109 1754 1170 Pl⁰ltmoelfillt¹llm
1769 1122 1809 1158 ⁶¹²·

211 1202 307 1277 μαίου,
322 1201 389 1282 νόσιρ
402 1202 535 1280 συσχεθεὶς
547 1201 709 1272 ίτελειίεησε.
1030 1203 1149 1264 penerel.
1164 1203 1256 1252 Verum
1265 1203 1318 1264 lpse
1327 1200 1549 1262 morbogroootos
1558 1200 1670 1248 interiit.

251 1309 288 1351 77.
311 1287 478 1350 Καταλιίεεαι
492 1289 519 1346 δὲ
533 1289 578 1348 καί
593 1289 729 1358 Φίλιππος
741 1295 755 1349 θ
769 1296 813 1350 τοῦ
827 1295 930 1371 Γρυποῦ
944 1291 988 1350 καί
1063 1295 1102 1340 ²⁷·
1120 1291 1230 1350 1¹l⁸l²⁶¹¹¹⁰
1247 1287 1345 1338 &Mil
1356 1290 1438 1338 ‘litim
1449 1286 1601 1348 Phillppus,
1621 1285 1653 1334 ὰ
1665 1298 1716 1347 tw
1731 1289 1810 1334 “fl‘ffl

210 1375 361 1457 Τρυραίνης
376 1380 421 1446 τῆς
436 1375 602 1452 Πτολεμαίου
614 1381 658 1434 τοῦ
671 1378 761 1455 ὀγδόου
772 1379 824 1446 υίὸς
838 1383 852 1438 b
865 1402 988 1458 προειρη-
1031 1376 1160 1438 Μηίων
1173 1378 1255 1438 crypt
1266 1375 1342 1440 ίίίίίί*
1355 1387 1386 1424 “⁰
1403 1373 1558 1438 Tillima?
1574 1373 1711 1424 malm
1721 1377 1811 1422 “mm

217 1462 304 1540 μένος·
324 1461 369 1522 καί
391 1461 511 1521 κατιέναι
525 1461 632 1522 θέλοντα
646 1465 723 1524 αι’ντθν
744 1469 780 1532 είς
793 1465 840 1536 τὴν
857 1465 988 1542 Αίγυπτυν
1031 1466 1133 1525 lem·
1145 1462 1215 1514 Idm
1225 1475 1306 1526 lm
1317 1464 1407 1512 ‘illm‘
1422 1463 1560 1522 AEcpptnm
1567 1458 1656 1514 “dlfssr
1671 1463 1809 1521 iii‘li'l‘fffl

212 1547 431 1630 (percutiebam
443 1549 494 1628 γάρ
506 1549 551 1608 κοί
563 1555 651 1612 τοῦτον
662 1551 719 1610 τότε
729 1554 752 1610 ot
765 1551 936 1632 Ἀλεξανδρεῖς
945 1553 988 1611 ἐπί
1032 1549 1101 1615 twa
1122 1553 1207 1614 lim‘ia
1219 1561 1319 1614 With
1336 1561 1383 1612 W
1395 1547 1422 1598 ίίί
1442 1550 1540 1608 “mim
1555 1545 1728 1596 hlmll‘lfi’ll
1744 1549 1810 1594 ⁶³⁸⁶

210 1633 257 1706 τὴν
279 1635 381 1715 ἀρχήν)
397 1635 544 1702 rediisset
562 1641 606 1708 τῆς
620 1637 715 1716 Συρίας
734 1637 821 1716 ἄρχων
842 1636 988 1714 Ῥωμαῖος,
1032 1638 1069 1688 od
1081 1641 1217 1702 imperium
1231 1636 1408 1696 accersebant,
1424 1639 1553 1684 hamanus
1567 1637 1651 1695 syrice
1670 1635 1810 1696 proconsul

210 1721 325 1801 ἔπαρχος
336 1721 372 1782 ὢν
386 1729 432 1782 τοῦ
447 1723 605 1799 Πομπηίου,
620 1725 726 1804 έπέσχε.
744 1725 798 1785 Καὶ
812 1724 919 1794 οίίεωςὴ
936 1728 986 1802 βσ-
1033 1725 1080 1786 (87
1090 1739 1117 1775 o.
1129 1726 1175 1788 0.)
1193 1725 1328 1784 Gobtnlur,
1347 1725 1461 1786 Pompeii
1477 1723 1592 1783 leootus,
1611 1725 1744 1783 negotium
1755 1722 1809 1770 dis·

211 1809 299 1879 σιλεκὴ
318 1810 427 1889 διαδοχὴ
442 1815 458 1881 ε(
476 1809 544 1870 κατὰ
559 1811 657 1890 Συρίαν
672 1812 734 1890 άχρε
747 1811 845 1870 τούτων
866 1813 988 1890 φθάσασα
1033 1813 1158 1864 turbauit,
1187 1816 1271 1875 icitur
1290 1815 1478 1874 Surlotloorum
1497 1823 1587 1872 recum
1609 1813 1734 1860 mecenio
1750 1811 1811 1858 hnc·

210 1896 349 1968 κατελύθη.
1034 1903 1107 1950 tenus
1118 1899 1229 1950 deducto
1240 1899 1468 1958 tincmncctoest.

250 1995 286 2034 78.
310 1977 384 2041 Eleis
396 1967 439 2034 οὖν
454 1975 542 2055 έρεξῆς
556 1975 645 2044 Ἀσίας
657 1975 701 2034 καί
712 1981 757 2048 τῆς
768 1976 863 2056 Συρίας
875 1979 989 2056 βασιλεῖς
1063 1993 1102 2038 78.
1115 1991 1182 2038 Sunt
1193 1991 1281 2038 autern
1295 1991 1452 2038 Minnorum
1462 1989 1487 2034 et
1504 1989 1626 2046 Syrorum
1639 1997 1709 2046 repes
1722 1985 1811 2043 sinuit-

210 2060 275 2122 οἵδε·
1032 2075 1164 2126 iaciunt:

251 2152 287 2210 a‘.
311 2151 452 2232 Ἀντίγονος
464 2153 615 2212 itachius·
629 2157 674 2222 τῆς
687 2151 772 2218 Ἀσέας
783 2152 827 2222 έτη
842 2154 887 2222 ιη’.
1067 2171 1084 2212 ι.
1096 2165 1198 2212 Arionis
1207 2165 1348 2223 imperauit
1359 2163 1500 2222 Antigonus
1507 2163 1587 2209 onnis
1602 2161 1699 2210 Xl'lit.

252 2240 287 2316 β’.
310 2241 459 2319 Δημήτριος
474 2245 488 2298 ί
510 2240 689 2319 Πολεορκητλς
710 2243 760 2296 τῶν
784 2263 811 2297 τε
830 2239 883 2298 άνω
903 2241 988 2300 τόπων
1065 2257 1085 2298 7.
1100 2252 1244 2300 Demetriou
1259 2249 1377 2298 Obsesmr
1388 2247 1563 2310 asperioribus
1575 2247 1719 2309 reoionihus
1733 2252 1758 2296 et
1770 2251 1811 2307 sg-

212 2327 257 2383 καὶ
272 2327 368 2405 Συρίας
383 2327 429 2399 ἔτη
445 2327 486 2397 ιζ’.
1032 2341 1082 2388 rice
1094 2339 1172 2386 onnls
1183 2339 1270 2386 Auri.

250 2411 284 2488 γ’.
308 2413 434 2481 Σέλευκος
446 2417 460 2472 θ
473 2413 597 2492 Νικάτωρ
610 2414 655 2484 ίτη
669 2413 721 2472 λό’.
1063 2431 1086 2474 t.
1098 2425 1216 2474 Seleucus
1228 2426 1339 2472 Xtconor
1350 2425 1427 2472 onnis
1440 2423 1550 2472 XXAu.

250 2497 281 2558 ό.
303 2499 433 2579 Ἀντίοχος
447 2504 461 2558 θ
474 2500 568 2580 Σωτὴρ
583 2501 628 2572 ἔτι(
642 2501 684 2562 ιθ’.
1062 2511 1234 2563 i.Anttochur
1244 2513 1403 2561 Soteronuts
1412 2510 1486 2560 Arx.

250 2585 279 2644 ε’.
301 2585 430 2666 Ἀντίοχος
443 2591 457 2645 θ
468 2587 536 2654 Θεὸς
551 2585 596 2660 ίτη
610 2588 650 2647 ιε’.
795 2588 797 2599 '
1063 2607 1084 2650 ⁵.
1097 2599 1235 2650 Antiochus
1246 2603 1312 2650 bem
1326 2600 1405 2648 onnls
1422 2599 1475 2650 XV.

250 2673 288 2738 ς’.
312 2674 439 2740 Σέλευκος
452 2678 465 2732 θ
478 2675 634 2742 Καλλίνικος
647 2674 692 2746 έεη
707 2674 759 2735 κε’,
1062 2695 1086 2738 s.
1097 2689 1215 2737 Seleucus
1229 2687 1373 2737 Callinicus
1384 2689 1462 2736 annis
1475 2687 1547 2736 XXI.

250 2757 282 2828 ζ’.
304 2761 430 2830 Σέλευκος
442 2766 455 2820 θ
471 2760 601 2840 Κεραυνὸς
612 2762 656 2832 έτη
668 2761 702 2836 γ’.
1062 2781 1086 2826 7.
1097 2774 1217 2824 διέσεισαν
1225 2777 1360 2824 σείουσαι
1370 2777 1447 2825 αππίε
1456 2777 1506 2824 iti.

249 2847 286 2916 n‘.
310 2847 438 2927 Ἀντίοχος
449 2851 462 2906 θ
477 2847 566 2925 Μάγας
579 2847 624 2919 len
636 2848 689 2914 λς’.
1062 2865 1085 2908 t.
1098 2859 1238 2908 Antiochus
1248 2861 1359 2920 Moenus
1368 2863 1447 2909 annis
1456 2861 1533 2910 XXX
1539 2863 1577 2910 ut.

249 2933 284 2995 θ’.
308 2934 434 3001 Σέλευκος
447 2939 460 2993 θ
472 2936 634 3014 Φιλοπάτωρ
644 2935 690 3006 lon
703 2933 747 2994 ιδ’.
1061 2949 1084 2994 8.
1098 2946 1218 2995 seleucus
1229 2943 1402 3009 [Philopator]
1414 2949 1494 2995 annis
1507 2949 1533 2996 Χ
1535 2950 1567 2996 it.

250 3019 279 3082 ε’.
302 3021 429 3101 Ἀντίοχος
441 3027 455 3082 θ
466 3021 614 3102 Ἐπιφανὴς
625 3023 669 3094 ἔτη
682 3023 728 3084 ια’.
1065 3037 1100 3082 10.
1112 3032 1250 3082 Antiochus
1262 3033 1410 3096 Epiphanes
1419 3037 1498 3082 onnls
1509 3033 1554 3082 XI.

212 3189 237 3236 in
247 3190 362 3240 intercuio
374 3189 448 3238 latino
458 3189 496 3250 (in
507 3203 585 3251 grseco
596 3203 710 3239 numerus
719 3189 820 3248 excidit)
829 3206 835 3247 ;
845 3189 909 3251 quod
917 3188 1003 3238 deinde
1012 3202 1042 3238 ex
1054 3189 1154 3238 iirrsebio
1162 3190 1257 3240 transiit
1268 3190 1292 3239 in
1304 3192 1440 3240 Samuelem
1452 3192 1577 3240 Aniensem
1591 3194 1616 3240 ct
1629 3195 1746 3252 excerpts
1757 3193 1810 3240 aar·

211 3257 280 3320 θείας
289 3259 347 3308 uico
355 3262 382 3308 ut
388 3259 541 3309 statuendum
548 3261 738 3322 ioretTigranem
745 3260 836 3320 syriam
842 3271 890 3307 non
895 3271 958 3307 anno
966 3264 1005 3317 88,
1012 3257 1054 3307 sed
1061 3265 1091 3309 87
1101 3271 1124 3306 a.
1138 3259 1196 3309 Chr.
1205 3273 1340 3322 occupasse.
1350 3261 1470 3320 Eiirsmodi
1478 3273 1583 3310 errorem
1592 3261 1611 3309 si
1619 3261 1643 3309 in
1652 3260 1754 3310 Eusebio
1761 3275 1809 3309 non

210 3332 333 3388 miramur,
345 3341 360 3376 a
371 3329 500 3389 i‘orphprio
512 3332 577 3378 certe
587 3329 691 3378 alienum
701 3329 772 3377 inisse
784 3340 922 3389 persuasum
935 3330 977 3375 est.
988 3331 1070 3389 b'eqne
1078 3341 1122 3388 ego
1130 3330 1274 3390 erraverim,
1285 3343 1328 3391 pro
1338 3331 1377 3386 ίπ(
1388 3332 1410 3392 β’
1421 3331 1588 3390 corrigendum
1601 3343 1653 3380 esse
1662 3330 1750 3390 iubens
1769 3331 1809 3386 lru

210 3398 250 3458 ιδ’,
260 3397 302 3460 qni
311 3397 429 3458 pertinent
438 3397 469 3446 ab
478 3411 517 3446 au.
531 3401 560 3446 tii
570 3397 682 3460 usquead
691 3401 819 3446 exeuntem
828 3409 917 3445 sonum
928 3403 957 3446 88
966 3410 989 3446 a.
1000 3401 1039 3458 c..
1047 3410 1096 3459 quo
1106 3400 1217 3462 Tigranes
1226 3401 1332 3460 syriam,
1343 3401 1379 3448 rel
1390 3400 1474 3449 snitcm
1481 3401 1596 3461 majorem
1604 3401 1657 3460 ejus
1668 3403 1760 3462 partem
1768 3411 1809 3446 oc·

209 3468 313 3530 cuparii.
323 3491 355 3502 -
366 3469 389 3513 7.
403 3467 477 3516 Aliter
486 3467 605 3530 losepbus
614 3469 631 3516 Ι.
644 3467 670 3527 1.,
680 3469 722 3529 qui
733 3467 878 3517 Antiochum
890 3467 1005 3516 Eusebem
1017 3469 1042 3517 in
1052 3481 1129 3530 pugna
1138 3471 1222 3517 contra
1232 3469 1334 3519 Parthos
1349 3468 1463 3518 oecidisse
1472 3469 1552 3518 reiert.
1566 3468 1688 3530 Appianas
1701 3481 1723 3516 c.
1741 3473 1771 3516 88
1782 3465 1810 3515 de

209 3538 288 3585 morte
296 3535 347 3596 ejus
355 3535 414 3583 nihil
424 3535 512 3599 moin
523 3537 570 3586 boc
577 3539 671 3585 tantum
684 3536 715 3586 de
728 3549 757 3586 eo
768 3537 839 3586 habet
850 3555 855 3584 :
865 3538 935 3586 αὐτὸν
944 3538 1039 3596 ἐξήλασε
1047 3544 1087 3595 τίς
1097 3538 1169 3600 ἀρχῆς
1178 3537 1299 3598 Tuumne.
1317 3539 1374 3586 uec
1386 3537 1420 3586 ita
1435 3536 1546 3586 ridentur
1562 3536 1728 3598 conjungenda
1745 3549 1808 3596 erse,

211 3611 238 3655 ut
253 3608 337 3654 contra
351 3606 494 3654 Antiochum
506 3608 559 3667 syri
569 3607 694 3668 Tigranem
705 3606 890 3667 admemoriam
902 3608 1033 3657 Antiochus
1042 3619 1099 3656 vero
1108 3607 1175 3668 syria
1186 3607 1268 3668 pulsus
1283 3606 1314 3654 ad
1325 3605 1443 3656 Laodicen
1457 3619 1483 3656 se
1497 3607 1640 3666 contulerit,
1651 3607 1811 3668 dorecestre

210 3677 311 3727 i¹artiros
323 3674 441 3724 auxilinm
452 3675 536 3736 prmiio
547 3675 578 3724 sit
587 3677 687 3724 occisus.
699 3701 731 3711 -
740 3679 763 3724 8.
779 3675 847 3724 idem
855 3673 1016 3736 puteosne]
1030 3678 1087 3724 iiaec
1098 3675 1168 3726 sicuti
1182 3675 1273 3737 rciiqm
1284 3676 1332 3726 iere
1342 3676 1424 3724 omnia
1439 3679 1603 3737 enmrptorem
1620 3675 1727 3738 produnt
1736 3675 1810 3736 negli-

209 3745 380 3808 gentissimum.
392 3743 465 3793 sich.
480 3743 496 3792 i.
509 3757 540 3792 ne
550 3743 623 3792 verbo
631 3742 728 3804 quidem
738 3743 768 3792 de
779 3744 881 3805 Tigrane
890 3745 985 3792 monuit
993 3745 1081 3793 multos
1090 3758 1132 3806 per
1144 3757 1220 3794 anuos
1229 3745 1296 3806 Syria
1308 3745 1390 3806 potito.
1400 3747 1512 3794 ceterum
1522 3743 1653 3793 Antiochus
1660 3747 1702 3805 qui
1715 3757 1810 3804 regnum

209 3815 345 3877 ai‘ompeio
355 3814 473 3877 poposcit,
486 3827 534 3862 nou
544 3813 589 3862 tuit
602 3813 705 3862 Eusebee
715 3815 824 3875 cyziceni
835 3815 910 3872 fliius,
920 3827 992 3876 qinein
1003 3815 1085 3875 praelio
1094 3813 1206 3863 cecidisse
1214 3813 1332 3876 losephus
1341 3816 1452 3874 testatum,
1460 3815 1501 3863 scd
1512 3814 1609 3862 Eruebis
1617 3827 1632 3862 e
1641 3815 1726 3863 Selene
1733 3813 1809 3872 filins,

209 3885 341 3935 Antiochus
351 3883 481 3944 Asiaticus,
492 3885 519 3931 ut
529 3881 616 3932 diserte
624 3883 658 3930 att
670 3883 789 3944 Appianas
797 3895 819 3932 e.
830 3887 870 3946 89,
879 3886 903 3932 ls
914 3896 972 3946 puer
981 3885 1060 3934 adiruc
1068 3887 1120 3934 erat
1131 3899 1170 3932 an.
1183 3889 1213 3935 75
1222 3923 1229 3944 ,
1239 3899 1288 3947 quo
1299 3898 1354 3933 eum
1365 3885 1439 3934 tratre
1451 3887 1551 3934 Romam
1567 3885 1674 3934 venerat.
1687 3883 1772 3933 cicero
1787 3883 1811 3930 ia

210 3959 280 4004 terr.
294 3957 315 4004 u
325 3991 333 4015 ,
342 3958 372 4014 i,
383 3957 411 4003 77
424 3973 430 4002 ε
442 3956 618 4014 deuersoriae.
633 3956 701 4013 reois
712 3953 830 4002 Antiochi
838 3953 916 4014 filios,
925 3967 1017 4016 pueros
1026 3959 1098 4005 scitis
1110 3957 1194 4004 horne
1205 3954 1385 4016 nupersue'ssc,
1396 3957 1440 4017 qui
1451 3957 1578 4004 uenerant
1589 3965 1639 4002 non
1649 3957 1755 4015 propter
1764 3957 1810 4013 Su·

209 4029 259 4073 rice
271 4033 393 4085 regnum,
404 4034 466 4070 nom
476 4022 502 4069 id
512 4025 567 4070 stne
576 4025 750 4071 controuersia
761 4023 923 4083 obtinebant,
935 4027 965 4070 ut
973 4037 990 4070 a
1003 4027 1079 4084 patre
1093 4027 1118 4072 et
1130 4023 1271 4083 majorino
1283 4025 1449 4084 occeperunt,
1464 4026 1511 4072 etc.
1523 4025 1618 4072 Patrem
1634 4025 1660 4070 et
1673 4022 1749 4069 hlium
1764 4025 1810 4070 ln·

209 4096 287 4145 stione
305 4105 402 4154 qnoque
420 4091 545 4140 contundit
559 4092 600 4141 lib.
620 4095 673 4149 Ab,
689 4097 703 4139 7
721 4093 875 4153 :Pompeius
895 4092 1026 4154 (Antiocho
1038 4094 1147 4154 cynimui
1162 4091 1224 4152 hlio)
1245 4095 1359 4154 poscenti
1376 4103 1485 4153 reanum
1501 4092 1650 4153 respondit,
1670 4102 1701 4138 na
1717 4090 1811 4139 colenti

210 4163 315 4226 quidem
328 4162 424 4220 δαείω,
439 4159 535 4208 nedum
551 4163 681 4208 rccusontt
692 4159 818 4208 daturum
827 4173 853 4208 se
862 4174 960 4222 regern,
974 4166 1019 4226 qul
1034 4162 1171 4212 octodecim
1182 4175 1279 4222 annos,
1297 4161 1390 4224 quihus
1410 4164 1532 4224 Tigranes
1546 4165 1650 4222 Surium
1668 4163 1767 4219 tenuit,
1784 4165 1811 4209 in

211 4233 308 4293 angulo
319 4230 417 4280 cittene
428 4229 545 4278 latuerit.
558 4233 658 4278 Eosdem
671 4243 745 4277 annos
757 4229 893 4278 octodecim
904 4232 973 4280 trahet
983 4233 1024 4281 tib.
1036 4235 1092 4291 xi,
1109 4239 1115 4279 t
1133 4246 1139 4278 z
1152 4235 1254 4282 Accitur
1267 4231 1411 4292 (Tigranes)
1425 4235 1453 4280 in
1464 4243 1573 4292 reanum
1589 4233 1671 4292 Sumen
1686 4242 1733 4291 per
1744 4234 1810 4279 octo-

212 4305 293 4351 decim
305 4311 388 4350 onnos
400 4299 620 4362 tranquillissimo
630 4311 708 4360 regno
718 4302 817 4361 potitus
829 4303 875 4348 est.
886 4300 981 4350 Rectius
991 4301 1114 4362 Appianas
1125 4303 1178 4361 syr.
1195 4313 1216 4348 ε.
1231 4303 1261 4348 it
1276 4318 1282 4348 ι
1294 4301 1308 4348 i
1320 4299 1433 4362 Τιγράνης
1442 4299 1499 4362 ίρχι
1509 4300 1620 4361 Συρίας...
1631 4301 1668 4348 ἐπὶ
1677 4301 1717 4356 ίεη
1726 4317 1811 4350 τεσσα-

210 4373 364 4436 ρεσκαίδεκα,
377 4369 393 4418 ί.
406 4382 427 4417 e.
437 4369 467 4416 ab
477 4382 515 4417 an.
529 4373 559 4417 87
569 4381 644 4430 ιιεσυε
655 4367 686 4415 ad
701 4381 740 4417 an.
754 4375 797 4428 tia,
807 4381 856 4430 qno
866 4381 880 4416 a
891 4370 989 4419 Lucullo
1004 4371 1082 4418 vicine
1092 4371 1136 4419 esi.
1147 4369 1235 4418 tustini
1245 4369 1301 4418 anni
1311 4368 1458 4429 octodecim,
1472 4371 1584 4417 monente
1596 4368 1709 4417 ciintono
1717 4381 1740 4430 p.
1750 4374 1811 4432 itu,

210 4443 289 4491 minus
297 4441 407 4490 accurate
416 4442 573 4488 numerantur
582 4439 613 4488 ab
623 4451 662 4487 an.
678 4443 708 4488 ss
723 4452 799 4502 usque
812 4439 843 4487 ad
855 4451 944 4487 annum
954 4446 984 4489 66
994 4443 1101 4500 exerunt,
1110 4451 1159 4500 quo
1170 4439 1298 4499 Pompeius
1308 4449 1391 4498 pacem
1400 4439 1495 4499 Tigrani
1504 4437 1630 4486 ευυυεσείί.
1643 4437 1730 4486 todem
1740 4439 1812 4487 modo

210 4514 283 4560 etiam
301 4511 445 4571 Porphyrius
459 4509 552 4558 statuit.
570 4507 639 4565 Quod
657 4509 701 4555 etsi
717 4508 811 4557 disertis
826 4509 905 4557 verbis
921 4521 969 4557 non
984 4509 1097 4569 traditur,
1115 4507 1184 4556 tacite
1198 4509 1281 4555 tamen
1296 4507 1373 4568 coiiigi
1392 4511 1479 4570 potest.
1497 4509 1593 4556 Etenim
1611 4507 1637 4555 in
1653 4507 1760 4567 subiecto
1775 4509 1811 4558 la·

211 4581 302 4630 terculo
311 4593 388 4642 grccco
396 4579 513 4628 Eusebius
521 4581 567 4640 ait,
580 4593 657 4628 annos
668 4579 733 4640 regni
748 4579 838 4641 syriaci
847 4578 901 4627 inde
911 4578 941 4628 ab
953 4581 1070 4641 Antigono
1080 4583 1139 4639 (878
1149 4591 1172 4626 ε.
1185 4579 1213 4625 c.
1222 4578 1231 4638 )
1241 4591 1291 4626 esse
1304 4582 1363 4639 nii,
1378 4579 1434 4628 inde
1443 4592 1458 4627 a
1468 4579 1568 4628 Sueuos
1580 4581 1663 4626 aowin
1673 4582 1728 4634 (877
1737 4590 1760 4625 a.
1771 4581 1811 4639 G.)

210 4650 344 4711 computari
354 4662 429 4698 annos
441 4653 493 4699 789.
504 4651 602 4699 Numeri
612 4651 645 4698 iiii
655 4649 729 4711 inepti
738 4654 806 4707 sunt,
816 4661 893 4710 noqrre
904 4663 961 4699 vcro
971 4650 1085 4711 corrupti.
1098 4647 1215 4698 Nimirum
1225 4647 1255 4696 sd
1268 4661 1344 4696 annos
1353 4649 1405 4698 iilos
1417 4655 1463 4699 788
1473 4647 1565 4697 addidit
1576 4649 1686 4709 Antigoni
1697 4659 1773 4697 annas
1785 4653 1811 4698 18

210 4725 235 4768 et
247 4720 360 4768 Demetrii
371 4720 507 4768 Poliorcetis
515 4732 590 4767 annos
606 4724 632 4770 17
641 4756 648 4779 ,
658 4725 731 4782 atque
742 4719 776 4768 sic
789 4719 893 4769 obtinuit
904 4731 1023 4768 summam
1033 4733 1073 4768 an.
1088 4722 1141 4770 tit.
1151 4717 1278 4767 Aseleuoo
1288 4722 1370 4766 autem
1382 4731 1457 4779 usque
1466 4717 1495 4766 ed
1507 4718 1578 4767 tinem
1592 4717 1749 4780 Philippices
1764 4719 1811 4765 Eu·

210 4790 303 4839 cebium
314 4791 407 4840 nonnisi
420 4796 463 4839 777
480 4790 537 4839 anni
551 4790 693 4851 colliguntur
710 4792 760 4852 (ct.
774 4793 833 4839 Εκσ.
847 4789 916 4839 norb:
930 4789 994 4838 :suh
1014 4789 1134 4851 Philippo
1150 4789 1285 4836 nouissimo
1300 4791 1425 4849 Surorum
1439 4800 1549 4847 regnum
1570 4787 1727 4847 dissipatum
1742 4789 1810 4836 erl...

210 4873 361 4922 permanens
369 4873 416 4922 per
427 4874 508 4910 annos
522 4861 639 4921 CCXXI)
651 4863 794 4924 :supersunt
802 4861 858 4909 anni
873 4859 1023 4914 octodecim
1036 4859 1060 4908 hi
1072 4860 1128 4908 sunt
1137 4857 1193 4906 anni
1209 4857 1330 4918 Tigranis,
1340 4871 1401 4920 quos
1410 4857 1555 4906 recensuisse
1566 4857 1726 4919 Porphyrium
1737 4856 1811 4918 liquet

211 4941 242 4976 en
254 4928 368 4976 laterculo
380 4929 466 4988 latino,
478 4929 533 4990 ubi,
543 4932 630 4978 omisso
641 4929 682 4978 iiio
691 4929 821 4979 summario
830 4929 854 4976 in
865 4927 948 4990 graecis
959 4931 1068 4987 serrato,
1081 4928 1106 4976 in
1117 4927 1165 4976 true
1175 4927 1288 4988 leguntur
1300 4941 1306 4972 ε
1325 4929 1386 4976 Post
1396 4939 1459 4990 quos
1473 4929 1591 4974 Romani.
1608 4955 1639 4966 -
1656 4929 1678 4974 ί.
1690 4929 1717 4974 tn
1730 4925 1765 4974 his
1777 4925 1809 4974 si-

212 4999 263 5050 cuti
274 4999 297 5047 in
307 5009 372 5059 seqq.
382 4997 482 5047 diverse
494 5011 600 5059 personae
610 4999 804 5059 contunduntur;
816 4997 880 5062 qrrod
890 4997 1053 5047 demonstrare
1062 4997 1141 5046 studui
1153 4996 1176 5044 in
1186 4999 1235 5046 not.
1246 4996 1277 5046 sd
1288 4995 1384 5046 Diodor.
1401 5001 1457 5046 Ειε.
1469 4997 1580 5045 iecerint.
1593 5010 1616 5058 p.
1629 4999 1702 5045 xxv.
