3972 5728
237 329 295 378 attii
761 321 1021 382 CHAEREMONIS
1046 325 1307 383 ALEXANDRiNt

238 445 279 503 ἀεί
291 443 318 502 δέ
336 445 403 510 tut<
415 449 462 502 τοῦ
472 444 607 522 σχήματος
618 447 710 524 χεῖρες.
727 446 778 506 Ιίαί
792 446 923 523 αύμὸολόν
939 470 969 526 γε
982 440 1014 520 ἧν
1060 451 1125 522 ezzo,
1153 451 1222 530 (ἐξίῃ
1240 453 1367 525 belok),
1392 451 1409 520 ἦ
1433 450 1613 530 ίτιρύρθαλμα
1627 451 1646 524 ἢ
1658 453 1722 532 πρὸς
1735 456 1828 532 ἀνθρω-

240 532 341 610 ἰκόστιρ
352 533 398 600 τῆς
411 529 508 598 τάξεως
520 531 689 608 ἐμφαντικὸν,
700 533 732 603 ἣν
750 533 843 611 ε’λαχεν
857 537 883 592 ἐν
901 539 954 601 τοῖς
974 539 1012 594 ίε-
1058 539 1134 596 ποίαν
1145 537 1283 617 ἐμφέρειαν
1293 535 1406 596 νεύοντα.
1418 536 1829 618 Μυρίαιδάλλαιπαρατηρήσεις

240 621 304 694 ροῑς·
320 618 422 683 πλείους
435 617 485 696 rip
497 609 563 688 ἦσαν
577 621 602 676 αἱ
618 617 710 685 τόξοις.
738 618 831 678 dirrare
853 620 955 692 θίλιτὴ
969 624 1013 681 καί
1058 625 1104 682 καί
1120 625 1241 704 τῆςπερί
1259 621 1326 682 αιἰτά
1349 627 1441 702 τέχνης
1467 627 1518 680 τῶν
1541 623 1707 700 καλουμένων
1733 648 1828 704 μασχα-

239 704 347 786 ἀφελής·
363 703 431 762 οἴνου
449 703 496 780 μίν
509 703 590 782 γάροί
601 705 648 781 μίν
660 707 713 764 οὐδ’
728 706 806 779 θ’λως,
819 711 842 765 oi
856 707 882 766 δέ
896 709 1012 786 ὀλίγιστα
1058 713 1232 791 σφραγιστῶν,
1249 709 1311 788 ἀχρι
1334 709 1477 778 ουντοίξαων
1495 711 1656 790 προάγουσαι
1675 711 1827 788 βιὸλιακῶν.

239 791 368 866 ἐγεύοντο,
380 791 476 870 νεύρων
487 790 635 866 αἰτιώμενοι
652 793 751 870 βλσίὸας
761 792 806 851 καί
819 795 952 874 κλήροισιν
967 819 1009 854 ιιι·
1060 797 1257 876 Περιεργότορον
1271 797 1293 852 δ’
1306 794 1344 854 ίτι
1360 795 1419 875 rapt
1430 797 1463 854 τίι
1485 795 1585 867 ππηνά,
1596 789 1649 854 οἷον
1672 797 1781 876 τρυγόνα
1793 796 1829 872 μὴ

239 882 337 959 φαλῆς,
351 879 474 954 ἐμπόδιον
496 881 531 946 είς
554 878 666 957 εύρασιν·
693 879 849 960 ἀφροδισίων
858 903 895 962 Ιτε
914 882 1012 962 ίφασαν
1057 883 1163 944 ἐσθίειν·
1173 882 1244 962 ίίραξ
1254 881 1316 960 γάρ,
1326 881 1438 961 ίροιοαν,
1449 885 1569 961 πολλαχῆ
1580 883 1610 942 τὸ
1622 887 1686 963 ζῷον
1694 885 1828 944 συλλαὸἀιν

240 967 315 1024 αὐτὸν
329 965 423 1045 ὁρίξεις
443 965 585 1046 ἐπιφίρτιν.
598 967 691 1045 Ταύτῃ
705 965 731 1024 δέ
746 967 854 1026 καὶτῶν
870 969 956 1028 ἀλλων
970 971 1011 1028 εὖ·
1057 969 1171 1049 ἀφίησιν,
1186 969 1277 1046 μισθόν
1291 969 1426 1034 ἀποδιδούς
1437 967 1529 1044 μίὶσως
1538 970 1682 1048 σωτηρίαν·
1694 961 1781 1038 ὡςούν
1794 969 1829 1046 μὴ

239 1052 326 1118 λαύῶς
346 1044 425 1132 εἶχον.
441 1051 541 1132 Ἄρποις
556 1051 603 1128 μίν
626 1053 762 1118 utititas<
784 1056 812 1112 ἐν
827 1059 882 1122 ταῖς
897 1055 1011 1132 ἀγνοίαις
1057 1059 1157 1116 λάθοιεν
1167 1055 1274 1136 τοιούτῳ
1282 1055 1477 1136 περιπεσόντος,
1488 1056 1652 1116 ἀπαναύτῶν
1664 1057 1829 1136 περιίσταντο

235 1140 383 1218 χρώμενοι,
396 1141 419 1196 εἷ
439 1139 468 1198 δι’
481 1161 543 1196 ποτε
564 1138 600 1214 μὴ
616 1137 760 1216 ὁγνιύοιεν,
776 1139 822 1198 σὺν
839 1141 952 1222 ὁσούιπιρ
965 1143 1011 1202 κό-
1056 1143 1085 1200 τὸ
1100 1144 1179 1220 γε’νος.
1196 1144 1287 1204 Καιναί
1310 1141 1356 1220 μίν
1377 1140 1408 1212 δὴ
1422 1143 1557 1222 θρηακεῖαί
1574 1166 1640 1210 τινες
1654 1135 1745 1215 abeas,
1762 1145 1829 1204 κατά

238 1249 343 1293 πτοντες
356 1227 455 1298 ἤσθιον.
470 1225 509 1285 Ti
531 1225 598 1284 πολὺ
607 1225 657 1326 γάρ
672 1229 750 1284 αὐτοῦ
760 1231 806 1296 τῆς
818 1228 950 1304 δυνάμεως
963 1253 1012 1288 κα·
1056 1230 1116 1304 γίνη
1131 1229 1158 1287 δί
1170 1233 1220 1287 τῶν
1232 1227 1320 1308 ίερίων
1335 1227 1467 1307 διάφοροι,
1482 1229 1528 1286 καί
1544 1229 1636 1288 οἰκεῖαι
1650 1235 1709 1288 καθ’
1721 1229 1828 1290 ἕκαστον

240 1318 335 1392 θαιρεῖν
350 1313 449 1394 ἐφασαν
461 1313 504 1370 τὸν
519 1312 650 1372 ύααωαον.
662 1313 768 1372 Ἐλαίαν
782 1315 803 1372 δ’
815 1314 954 1394 ἀπείχοντο
965 1316 1012 1392 μίν
1057 1315 1121 1376 θεόν.
1144 1319 1178 1375 at
1195 1315 1333 1392 δίὸγνεῖαι
1347 1315 1450 1374 πάντων
1462 1315 1624 1394 ἀκαθάρτων.
1646 1315 1680 1378 ‘0
1700 1315 1829 1395 δέχρὸνος

237 1404 273 1464 ὡς
288 1400 317 1458 τὸ
334 1399 415 1473 πολὺ,
429 1403 453 1459 oi
473 1402 591 1458 πλεῖστοι
615 1399 642 1458 δέ
655 1401 700 1458 καὶ
714 1403 860 1478 παντελῶς,
880 1405 902 1460 εί
920 1403 948 1461 δί
961 1425 1012 1462 που
1056 1393 1139 1474 οὗτος,
1156 1403 1233 1460 ὁπότε
1247 1402 1375 1462 συντελεῖν
1388 1425 1413 1460 τι
1424 1404 1474 1458 τῶν
1488 1401 1548 1480 περί
1566 1403 1613 1472 atu
1626 1401 1698 1482 ίεράν
1713 1403 1829 1479 pitture

238 1486 305 1564 μετά
318 1486 440 1566 λαχάνων
463 1485 622 1568 χρήσαιντο,
640 1490 772 1552 παντελῶς
786 1485 880 1566 ὀλίγῳ,
893 1486 938 1544 καί
953 1489 1011 1546 ὁσον
1056 1489 1202 1568 θρησκείαν,
1213 1487 1404 1568 προλαμόοίνων
1417 1491 1520 1568 ἡμερῶν
1531 1488 1648 1568 ἀριθμόν,
1663 1491 1686 1548 οί
1702 1488 1748 1564 μίν
1759 1490 1827 1548 δυοῖν

238 1580 421 1654 παρηγορῆσαι
436 1573 482 1644 τὴν
495 1573 622 1644 αἴσθησιν.
1056 1575 1100 1632 καί
1113 1575 1318 1651 τετταράκοντα,
1333 1577 1357 1634 οί
1374 1572 1402 1632 δὲ
1414 1573 1512 1634 τούτων
1527 1575 1646 1644 κλείους’,
1662 1578 1685 1634 ai
1708 1573 1736 1634 δὲ
1750 1577 1827 1634 ἐλάσ-

278 1663 346 1736 Cap.
370 1685 397 1733 7.
414 1664 474 1721 Τῶν
489 1659 535 1736 μίν
550 1655 593 1718 οὖν
613 1661 684 1725 ἐκτός
701 1661 833 1737 λίγύπτου
855 1661 1010 1740 γιγνομίνων
1056 1685 1127 1730 σους,
1148 1661 1268 1719 ούδίποτε
1293 1661 1380 1736 μέντοι
1395 1664 1447 1720 τῶν
1466 1659 1532 1718 ίπτά
1546 1661 1716 1735 λειπομένας,
1734 1661 1828 1727 παντὸς

242 1749 386 1826 βρωμάτων
401 1771 428 1804 τε
443 1747 487 1806 καί
501 1751 587 1804 ποτῶν
601 1749 630 1805 ού
642 1748 712 1822 θίμις
723 1740 754 1819 ἦν
769 1747 906 1805 ἅπτεσθαι.
925 1749 1011 1815 ΙΙολύς
1057 1749 1103 1821 μίν
1124 1745 1241 1825 ἐμψύχου
1266 1745 1418 1824 ἀπείχοντο,
1440 1745 1535 1812 παντὸς
1548 1745 1576 1804 δέ
1597 1747 1713 1824 λαχάνου
1733 1769 1763 1806 τε
1783 1747 1826 1806 καί

237 1857 275 1900 τις
289 1834 357 1892 otro
368 1839 464 1914 τρυφῆς
477 1832 661 1892 ἀπεκέκλειστο
670 1835 757 1900 τόπος.
771 1837 831 1894 Τῶν
843 1833 869 1892 it
883 1837 942 1892 κατ’
958 1836 1010 1892 αιί-
1055 1836 1176 1912 ὀσπρίου,
1194 1832 1246 1912 πρὸ
1270 1833 1297 1890 δέ
1320 1833 1424 1890 πόντων
1450 1832 1604 1907 ἀφροδισίων
1620 1832 1723 1908 ὁμιλίας
1739 1855 1827 1910 γυναι-

237 1920 283 1990 τὴν
304 1920 351 1990 τὴν
366 1921 497 1998 Αἴγυπτον
514 1920 609 1999 ίχθύων
623 1921 763 2000 ἀπείχοντο
776 1921 892 1995 πόντων,
911 1920 957 1979 καὶ
970 1943 1009 1978 τε·
1056 1919 1138 1984 αείας·
1159 1918 1263 1997 ἀρρινος
1283 1916 1331 1992 μίν
1342 1917 1393 1996 γάρ
1405 1916 1462 1978 etit
1484 1917 1528 1976 τὸν
1542 1919 1620 1978 ἀλλον
1635 1919 1726 1998 χρόνον
1741 1920 1826 1994 μετεῖ·

237 2009 372 2088 τραπόδων
384 2008 432 2065 ὅσα
449 2007 557 2088 μώνυχα
570 2007 586 2078 ἦ
599 2009 744 2086 πολυσχιδῆ
761 2007 778 2077 ἢ
793 2007 829 2083 μὴ
850 2007 1010 2088 κερασφόρα,
1055 2028 1110 2082 χον,
1127 2003 1232 2082 Τρὶςὸί
1252 2007 1299 2073 τῆς
1319 2003 1418 2082 ἢμίρας
1430 2003 1587 2064 ἀπολαύοντα
1598 2007 1706 2084 ψυχρῷ,
1725 2004 1778 2060 ἀπό
1799 2025 1827 2060 τε

237 2099 341 2166 πτηνῶν
360 2095 387 2153 δέ
401 2093 449 2152 ὅσα
473 2095 638 2174 ααριιοφοίγα·
657 2095 749 2154 πολλοί
770 2094 797 2152 δέ
817 2093 937 2160 καθάπαξ
959 2097 1010 2152 τῶν
1056 2091 1141 2162 κοίτης
1155 2091 1262 2170 καίπρὸ
1282 2090 1389 2168 ἀρίστου
1410 2090 1455 2148 καί
1469 2090 1532 2170 πρὸς
1544 2090 1632 2150 ὕπνον.
1655 2095 1687 2152 Et
1711 2091 1741 2153 δί
1766 2115 1825 2150 ποτε

237 2181 375 2260 ἐμψύχων·
399 2179 443 2238 καί
465 2179 491 2237 ἐν
512 2203 542 2258 γε
569 2189 625 2248 ταῖς
650 2182 761 2256 ἁγνείαις
787 2180 912 2252 ἅπαντας,
934 2179 1009 2238 ὁπότε
1055 2178 1172 2254 συμύαίη
1198 2179 1242 2236 καί
1269 2177 1440 2256 ὀνειρώττειν,
1462 2201 1499 2234 πα
1518 2182 1627 2258 αχρῆρια
1654 2179 1826 2257 tanturm

237 2269 299 2341 μηδ’
312 2269 363 2348 ᾠὸν
382 2266 527 2346 προσίεντο.
544 2266 598 2326 Καὶ
613 2267 699 2344 μέντοι
720 2267 764 2324 καὶ
785 2271 836 2324 τῶν
852 2267 938 2325 ἄλλοιν
963 2269 1010 2324 οὐκ
1055 2267 1154 2343 λουτρῷ
1164 2263 1194 2322 rb
1207 2267 1295 2338 σῶμα.
1308 2266 1414 2343 Ψυχρῷ
1427 2262 1473 2340 μίν
1491 2201 1534 2322 τῶν
1546 2264 1590 2324 καί
1603 2264 1672 2330 κατά
1691 2265 1735 2326 τὸν
1749 2265 1826 2326 ἀλλον

237 2353 445 2434 ἀσυκοφάντητον
468 2357 600 2411 ἐποιοῦντο
614 2355 788 2434 παραίτησιν·
808 2345 860 2411 οἷον
876 2357 927 2410 τῶν
943 2356 1010 2430 βοῶν
1053 2354 1167 2429 ἐχρῶντο
1182 2351 1248 2429 βίον,
1263 2355 1291 2410 οὖ
1302 2349 1356 2427 μὴν
1367 2351 1461 2410 οὑτωσὶ
1471 2350 1620 2418 πλεονάζον.
1635 2353 1719 2422 Κοίτη
1737 2352 1765 2412 δὲ
1779 2355 1827 2412 at’r

237 2439 283 2504 τὰς
303 2440 406 2510 θηλείας
419 2445 598 2518 παρῃτοῦντο,
612 2445 663 2498 τῶν
679 2441 701 2498 δ’
725 2442 839 2520 ἀρρένων
851 2439 899 2498 όοα
912 2440 1007 2516 δίδυμα
1055 2446 1105 2504 τοῖς
1117 2441 1146 2497 ἐκ
1158 2441 1208 2496 τῶν
1223 2438 1355 2496 aretinos
1378 2443 1423 2496 τοῦ
1439 2437 1606 2517 φοίνικος,ἀς
1628 2441 1738 2500 καλοῦσι
1750 2440 1824 2518 βᾶῑς,

237 2525 254 2594 ἢ
269 2526 418 2584 κατοίαπιλα
432 2525 449 2595 ἢ
461 2527 599 2605 ἑτερόχροα
613 2526 629 2597 ἢ
644 2527 864 2606 παραλλάσσοντα
877 2549 908 2605 τη
924 2529 1009 2606 μορφῇ
1054 2525 1212 2586 tutatae.
1225 2523 1335 2586 Ξύλινον
1356 2523 1383 2582 dt
1398 2525 1588 2604 ημικυλίνδριον
1603 2519 1631 2586 εὖ
1653 2526 1826 2601 λελιασμένον

237 2611 461 2689 ἢδεδαμασμίνα,
476 2617 511 2680 ὡς
526 2614 575 2685 ἤδη
586 2613 772 2690 καθωσιωμίνα
787 2622 839 2680 τοῖς
853 2613 951 2686 πόνοις,
965 2613 1009 2672 καί
1053 2613 1177 2686 ὑπόθημα
1193 2616 1238 2682 τῆς
1252 2611 1381 2690 sepetire·
1401 2611 1495 2682 ἤσκουν
1517 2611 1543 2670 δέ
1561 2612 1637 2691 δίψαν
1658 2613 1702 2672 καί
1722 2621 1826 2682 πεῖναν,

236 2699 391 2776 τιμωμίνοις
416 2703 528 2780 ἐμφερῆ,
542 2699 559 2770 ἢ
573 2703 632 2758 καθ’
654 2706 764 2760 ὁντινοῶν
783 2693 834 2760 οἷον
847 2699 1009 2773 ἀπεικαομὸν
1053 2697 1098 2756 καί
1110 2697 1265 2775 ὀλιγοσιτίαν
1276 2695 1348 2776 παρά
1361 2697 1448 2756 πάντα
1459 2697 1503 2756 τὸν
1518 2697 1581 2776 βίον.

237 2865 1007 2940 tritaritaternprogrederetur:semperaetamintreindumentum
1052 2861 1823 2926 quipiamrepraeaentareat,siunotautumocuioesaeutpruditi,

236 2955 321 2990 suanus
332 2944 522 2994 continebantur.
541 2944 605 3002 Quin
616 2947 673 2992 nota
684 2945 755 2994 etiam
764 2947 814 2994 erat
835 2943 943 3006 singuiis,
953 2955 1007 3003 quae
1050 2939 1239 2990 siadtrumanaur
1248 2937 1564 2988 simititudinrmteuderent.
1577 2937 1824 2988 lnrrumrirabitesatiu¹

235 3017 1006 3082 ordinemacstatumcujusque(piuresaaimerant)signiticaret,
1050 3016 1226 3066 observationes
1241 3019 1313 3072 sunt,
1330 3029 1386 3078 qrrae
1398 3015 1428 3064 ad
1448 3027 1531 3064 eorum
1551 3017 1627 3064 artem
1649 3015 1823 3077 spectantum

236 3107 306 3154 quom
316 3095 341 3144 iu
351 3095 445 3157 tempus
459 3097 557 3146 sortitus
577 3099 740 3160 uuuaapuisqua
751 3097 836 3146 iuerat.
857 3097 930 3146 Viciu
942 3095 1006 3144 tenui
1051 3090 1822 3155 poqooppeprcrat,idestrituiariiseurituiorumoba'gnatorae,

235 3183 264 3218 ac
275 3171 375 3232 simplici
385 3172 520 3222 utebantur.
529 3173 585 3224 viui
594 3175 658 3224 enim
667 3174 707 3223 atii
717 3173 774 3224 nitrti
784 3173 891 3234 omuino,
902 3173 942 3222 atii
950 3185 1007 3234 pau·
1050 3169 1199 3232 appellantur
1210 3187 1216 3218 ι
1226 3181 1281 3230 quea
1287 3167 1317 3216 ad
1328 3167 1444 3216 librorum
1453 3179 1530 3228 usque
1540 3165 1724 3228 compositiones
1729 3179 1822 3228 proces

235 3249 357 3298 etesiarum
367 3249 524 3311 adhibebant,
541 3251 573 3300 ob
582 3264 711 3302 nervorum
721 3251 842 3306 lesionem
853 3263 927 3311 quarn
936 3249 1006 3298 inier—
1050 3249 1141 3296 serunt
1153 3244 1179 3294 td
1186 3243 1251 3306 quod
1261 3243 1377 3292 curiosius
1384 3243 1456 3292 etiam
1465 3243 1529 3292 circa
1539 3243 1646 3292 volucres
1655 3242 1822 3292 taciuntttarn

235 3327 281 3384 ret,
293 3325 423 3387 capitisque
431 3326 599 3388 reptetiouuo,
611 3341 666 3390 oum
683 3327 876 3389 mntempiationi
886 3327 946 3376 esset
960 3325 1006 3374 im·
1050 3325 1183 3382 turturem,
1193 3325 1221 3370 ut
1230 3320 1296 3370 rerbi
1305 3333 1376 3370 causa
1386 3321 1430 3369 boe
1442 3320 1553 3380 referam,
1567 3320 1611 3370 sibi
1625 3332 1673 3368 noa
1684 3331 1821 3370 easecome·

235 3399 371 3461 pedimento
388 3403 523 3464 :tumquia
540 3417 698 3456 νοοοτοοτυιο
714 3403 870 3466 appetitiones
888 3402 1005 3452 incitaret.
1050 3400 1254 3462 dendampuuot.
1265 3398 1407 3462 accipitrem
1417 3397 1822 3460 enimaiurteapeubteamaran

236 3478 381 3528 Undeetiam
390 3480 414 3528 in
423 3482 509 3531 eeterb
518 3481 665 3533 assumendis
678 3485 748 3532 cauta
760 3481 890 3530 admodum
901 3492 926 3528 se
940 3491 1006 3540 gere·
1051 3477 1244 3540 comprehendit,
1256 3477 1402 3526 incolumem
1418 3475 1546 3537 dimittere,
1556 3489 1599 3538 pro
1611 3475 1720 3526 meroede
1736 3488 1823 3526 οοοαιε

236 3557 293 3604 bant
310 3575 316 3605 ι
336 3569 421 3619 panem
437 3559 500 3606 euim
519 3560 543 3608 tn
563 3561 709 3610 castimoniis
724 3570 848 3621 nunquam
864 3556 1006 3620 guoriart,
1050 3556 1115 3606 bitus
1123 3555 1199 3604 salute
1216 3553 1359 3604 condonata.
1374 3556 1409 3604 tte
1420 3553 1490 3616 igitur
1507 3554 1533 3602 tn
1543 3552 1660 3614 ejmmou
1677 3551 1782 3614 aliquam
1793 3565 1822 3602 ex

233 3629 332 3692 quando
339 3643 395 3680 rere
402 3631 550 3682 αθιθοεαθαι
557 3638 650 3695 tempus
657 3636 838 3694 eoncessum
846 3633 947 3694 hyssopo
954 3643 1007 3680 con·
1050 3631 1106 3694 ipsis
1114 3631 1228 3692 incidant,
1239 3631 1283 3681 ribi
1295 3634 1346 3682 toto
1353 3643 1436 3680 earum
1453 3643 1539 3692 genua
1556 3629 1747 3680 interdicendum
1763 3642 1822 3680 oon·

232 3710 316 3758 tusum
326 3706 396 3756 atera
402 3713 574 3758 consueverant
584 3729 590 3758 ι
601 3709 728 3771 Ιιγοεομιιειι
737 3711 800 3758 euim
808 3709 856 3758 rim
864 3708 915 3769 eius
923 3707 1006 3769 maiori
1050 3711 1187 3760 sumserunt.
1196 3714 1231 3759 Αο
1242 3709 1267 3758 bi
1276 3709 1372 3770 quidem
1381 3721 1522 3758 communes
1530 3707 1642 3758 omnibus
1649 3707 1728 3758 cuitus
1736 3711 1821 3758 eraut:

230 3785 343 3849 experta
353 3783 485 3836 obtundere
498 3784 601 3834 aiebant.
616 3786 676 3835 oleo
685 3786 825 3846 pierumque
834 3783 1006 3846 omues,pieri·
1050 3785 1091 3834 atti
1109 3799 1153 3847 pro
1162 3785 1311 3836 sacerdotum
1321 3797 1406 3846 genere
1416 3783 1504 3834 divorsi
1515 3786 1539 3834 et
1556 3783 1655 3846 singuiis
1668 3782 1713 3832 diis
1726 3795 1823 3834 acoem-

232 3871 283 3920 que
290 3861 371 3910 autern
379 3871 471 3922 semper
479 3861 629 3911 abstinebant
639 3879 646 3910 r
655 3861 740 3923 quodsi
748 3862 866 3922 quispiam
874 3875 930 3910 cum
938 3859 1005 3909 cieri·
1050 3861 1148 3910 modati.
1172 3861 1323 3912 castimoniae
1337 3863 1418 3910 autem
1431 3863 1457 3910 et
1470 3860 1648 3924 purificationes
1665 3860 1690 3908 tn
1712 3859 1823 3910 omnibus

236 3935 449 4000 buseoaiipuande
457 3937 608 3998 uteiratur‚id
616 3937 745 3988 admodum
753 3949 856 3998 paucum
865 3936 1004 3996 adhibebat,
1049 3939 1247 3989 otservabantur.
1262 3941 1462 4000 tempusearum
1472 3939 1615 4000 erat,quum
1623 3937 1822 4000 aitquidinsacro

234 4015 623 4073 quantumtautumnrodosensum
629 4014 914 4076 mitigareattquantutum
920 4017 1005 4076 posset.
1050 4018 1117 4066 cuttu
1130 4020 1198 4066 erant
1215 4017 1349 4078 operaturi,
1365 4028 1467 4064 numero
1476 4015 1569 4066 dierum
1580 4013 1734 4078 praefinitum,
1744 4027 1821 4076 quan·

265 4092 322 4152 cap.
334 4095 358 4140 7.
369 4093 402 4138 Εα
413 4103 483 4152 porro
492 4104 547 4152 quae
558 4093 763 4153 extra-mptum
773 4091 929 4140 nascebantur
939 4105 1006 4142 escu-
1049 4081 1128 4158 doque
1145 4095 1247 4144 duorum
1266 4097 1291 4143 et
1312 4093 1482 4156 quadrap'nta,
1493 4093 1636 4156 quaudoque
1655 4093 1761 4154 pturium
1781 4095 1823 4140 aut

128 4189 133 4194 ·
235 4166 299 4214 teuta
314 4169 339 4216 et
351 4167 488 4228 potuieuta,
505 4168 621 4230 attingere
632 4167 732 4230 ipsisias
745 4181 794 4217 noo
808 4170 860 4217 erat
872 4171 960 4230 :atque
970 4169 1004 4218 ita
1049 4171 1189 4234 pauciorum
1202 4191 1209 4222 ι
1221 4172 1255 4221 ita
1264 4174 1345 4220 tamen
1356 4173 1383 4220 ut
1395 4182 1517 4232 uunquam
1529 4182 1544 4218 ιι
1554 4169 1688 4232 septenario
1698 4167 1820 4218 deficere.

234 4243 336 4292 muttum
346 4243 412 4294 luxui
420 4242 500 4292 iocum
508 4244 633 4292 exclusum
643 4243 770 4294 trabebant.
781 4244 817 4294 ah
827 4244 939 4294 omuibus
947 4257 1004 4294 raro
1049 4251 1116 4298 Tune
1127 4248 1160 4297 ab
1170 4249 1281 4298 omuibus
1292 4247 1404 4297 animatis
1417 4245 1580 4306 abstinebant;
1594 4245 1625 4298 ab
1636 4243 1702 4294 omni
1713 4244 1778 4294 olere
1796 4245 1821 4292 et

234 4321 1004 4382 quiinAEgypmerantpiecas,abstinabant,abomubmitem
1049 4323 1180 4386 tegumine,
1201 4323 1317 4388 inprimis
1328 4335 1410 4372 rema
1426 4335 1552 4384 congressu
1572 4333 1674 4372 νεοοτοο
1696 4320 1819 4370 mulieris:

232 4395 503 4458 quadrupedumque
512 4397 897 4458 sotipedaautmuititidaautnou
904 4402 1003 4448 cornuta
1048 4413 1103 4448 nam
1114 4401 1187 4450 maris
1198 4399 1395 4450 cousuetudinem
1408 4399 1454 4448 aiio
1466 4397 1539 4448 etiam
1550 4397 1616 4446 omni
1634 4397 1821 4458 temporeerita·

233 4474 1003 4537 essem:arotucribusetiam,quaacarnibusrescerentur.tduiti
1048 4473 1819 4537 bant.terindietarabmturirtgida,qunmeubitusruresermt,

233 4547 1004 4615 abomnibusquoqueprorsusanimuibur,etiopuriueadonibus
1047 4567 1122 4617 quum
1131 4555 1240 4618 pransuri
1248 4557 1325 4616 eram,
1335 4566 1411 4617 quum
1421 4553 1531 4604 cubitum
1542 4551 1616 4602 ibant
1629 4551 1654 4604 st
1665 4549 1726 4601 iorte
1739 4553 1819 4600 autem

232 4637 315 4674 omnm
328 4625 491 4686 abstinebant;
506 4627 595 4690 quippe
600 4641 675 4690 quum
684 4640 715 4676 uu
725 4641 771 4677 ora
777 4628 873 4691 quidem
882 4632 941 4678 tune
954 4629 1002 4678 utta
1046 4631 1194 4692 contigisset,
1204 4633 1233 4680 ut
1241 4631 1337 4680 seminis
1343 4630 1435 4680 θιοίοοο
1444 4629 1469 4678 in
1477 4627 1576 4678 somniis
1582 4627 1755 4690 pollicerentur,
1765 4639 1817 4676 con·

232 4701 1002 4767 sibieaseedeudaceuseront.Quinetiamaiiorumquoquemuita
1047 4707 1124 4756 testim
1141 4707 1236 4756 iavacro
1247 4719 1334 4769 corpus
1342 4705 1479 4770 expiabant.
1491 4703 1587 4765 Frigido
1603 4716 1661 4752 saue
1679 4703 1775 4752 iavacro
1793 4703 1816 4749 iu

233 4789 261 4825 ac
273 4777 443 4838 sycophantias
458 4779 579 4842 ieraapud
597 4781 661 4842 ipsos
674 4781 875 4831 observatioerat.
896 4783 1003 4832 Feminae
1047 4783 1138 4844 reliqua
1149 4782 1294 4842 uitaetiam,
1311 4795 1359 4832 non
1379 4782 1412 4832 ita
1432 4785 1513 4830 tamea
1531 4781 1667 4842 frequenter
1680 4777 1818 4828 utebantur.

232 4853 492 4906 euimaxbobusineau
500 4857 856 4921 repudiabant:marasquoque
864 4859 884 4908 si
893 4863 1002 4920 erautga·
1046 4860 1129 4911 cubile
1139 4861 1194 4923 ipsis
1202 4874 1232 4910 ex
1242 4861 1375 4923 palmarum
1386 4858 1503 4921 virgultis,
1511 4871 1572 4920 quas
1585 4857 1696 4919 appetant
1707 4856 1770 4912 bote,
1781 4855 1818 4903 in-

233 4929 306 4990 rueiit,
318 4929 338 4978 si
348 4931 471 4992 maculosi,
478 4933 497 4981 si
505 4933 592 4983 diversi
600 4935 695 4993 eoloris,
704 4936 724 4984 si
732 4936 790 4984 rarii
797 4935 999 4994 sarmasiacum
1046 4939 1140 4986 textum
1149 4941 1207 4985 arat.
1226 4937 1329 5000 bipatens
1346 4939 1427 4985 autern
1440 4935 1622 4998 semiepiiudrus
1630 4937 1684 4994 apte
1696 4931 1819 4994 taeuigatus

230 5009 460 5070 iaruoeseut,utpote
468 5013 509 5072 qut
517 5013 646 5060 consecrati
653 5013 703 5072 jam
715 5013 929 5073 esseuttaboribus,
939 5013 1001 5064 simi·
1046 5014 1116 5075 capiti
1133 5012 1309 5074 subjiciebatur.
1326 5012 1396 5062 sitim
1414 5015 1439 5060 ct
1467 5013 1554 5062 tamem
1575 5013 1599 5060 ct
1617 5022 1715 5074 parcum
1728 5008 1817 5055 rictum

233 5085 313 5146 tesqua
327 5085 354 5132 iis
365 5099 419 5146 ιμιω
434 5087 606 5166 honorarentur
624 5108 629 5136 :
648 5087 667 5136 si
685 5101 841 5150 quaecumque
862 5089 906 5138 atta
925 5089 1001 5150 attigie
1047 5093 1097 5138 toto
1108 5089 1162 5138 ritte
1175 5091 1280 5150 tempore
1294 5087 1444 5138 exurebant.
