3974 5724
756 321 914 383 stulto.
939 321 1164 384 POSTUbllUS.

202 561 280 615 ldcm
299 561 367 616 ibid.
383 579 407 616 e.
423 580 460 616 ao
473 582 480 616 ε
492 564 784 639 Romaniphalangem
798 567 932 620 Macedo-

161 649 253 702 nicam
271 649 390 720 aggressi
411 651 503 722 primo
525 652 631 723 impetu
644 651 714 704 nibil
736 651 932 724 proiecerunt,

161 753 322 810 magnoque
337 735 440 790 damno
454 737 549 792 allecti
562 748 635 791 sunt.
655 735 708 794 Καὶ
731 734 799 814 φυγὴ
820 735 911 807 μὲν’
886 760 932 794 ουκ

161 811 210 892 ῆν,
235 817 401 899 ἀναχώρησις
412 820 438 878 δὲ
448 821 512 898 πρὸς
525 820 581 899 όρος
591 821 620 879 τό
628 821 785 898 καλούμενον
795 821 931 902 Ὀλόκρον,

160 903 290 962 ὥστεκαὶ
312 905 356 963 τόν
380 907 498 981 Αἰμίλιον
514 907 600 965 ἰδόντα
625 908 702 986 φησὶν
725 912 738 966 θ
762 911 933 976 Ποσειδώνιος

161 991 374 1069 καταρρήξασθαι
396 993 439 1050 τὸν
459 997 571 1071 χιτῶνα,
585 994 681 1052 τούτων
701 995 747 1070 μὲν
769 997 932 1067 ἐνδιδόντων,

160 1081 247 1136 τῶνδ’
260 1081 346 1137 ἄλλων
365 1081 506 1156 Ῥωμαίων
526 1081 733 1160 διατρεπομένων
748 1081 794 1152 τῆνΙ
809 1041 932 1162 φάλαγγα

160 1165 309 1240 προσόολῆν
324 1168 370 1224 οὐκ
390 1165 516 1244 ἔχουσαν,
531 1169 589 1225 ἀλλ’
610 1168 929 1249 ὥσπερχαρακώματι
895 1194 932 1228 τω

160 1250 316 1322 πυκνώματι
339 1256 390 1310 τῶν
418 1257 548 1332 σαρισσῶν
573 1255 778 1324 ὑπαντιάζουσαν
808 1255 931 1326 πάντοθεν

160 1337 338 1418 ἀπρόσμαχον.

198 1573 277 1628 Idem
292 1575 360 1632 ibid.
375 1595 401 1632 c.
427 1595 460 1631 ar
482 1579 541 1632 :ln
554 1595 648 1652 pugna
667 1578 754 1632 modo
775 1591 928 1634 memorata

158 1658 280 1734 λέγονται
294 1657 359 1738 ὑπὲρ
380 1659 528 1740 δισμυρίους
542 1659 766 1739 πεντακισχιλίους
780 1663 928 1724 ἀποθανεῖν.

157 1747 219 1802 Τῶν
234 1743 261 1801 δὲ
273 1745 412 1820 Ῥωμαίων
429 1745 536 1822 ἔπεσον,
548 1749 582 1811 ὥς
595 1745 642 1822 μὲν
658 1746 827 1814 Ποσειδώνιός
838 1771 929 1827 φησιν,

155 1830 262 1902 ἑκατὸν,
273 1836 307 1898 ὡς
322 1831 348 1889 δὲ
367 1833 502 1910 Νασικᾶς,
514 1833 681 1910 ὀγδοήκοντα.

459 2005 640 2034 ⁴000-

425 2114 656 2203 STRATO.

194 2281 336 2352 Diogenes
347 2281 439 2336 Laert.
455 2281 494 2346 V,
511 2279 544 2334 61
566 2297 573 2336 :
594 2275 720 2352 Γεγόνασι
735 2275 762 2333 δὲ
778 2275 928 2354 Στράτωνες

153 2363 273 2423 ὀκτώ...
287 2361 433 2440 Τέταρτος,
446 2363 586 2442 ἱστορικός,
599 2361 734 2422 Φιλίππου
747 2363 792 2422 καὶ
810 2365 928 2442 Περσίως

153 2455 206 2509 τῶν
219 2449 359 2526 Ῥωμαίοις
368 2448 571 2526 πολεμησάντων
581 2449 715 2530 γεγραφώς
726 2451 840 2530 πράξεις.
853 2455 928 2509 Nihil

76 2591 87 2606 ,
153 2551 304 2612 superstes.

450 2682 630 2709 -οοοοο-

1697 346 1752 398 tts

981 472 1021 506 σιν
1035 451 1082 522 τὴν
1097 451 1255 523 Ἑλληνικὴν
1273 456 1418 534 προσκόψαι
1440 465 1492 522 τοῖς
1511 457 1694 538 πρεσόυτίροις
1708 463 1753 520 καί

980 545 1033 602 τοῖς
1056 537 1267 617 ἀξιολογωτάτοις
1291 544 1341 598 τῶν
1366 541 1518 617 Ῥωμαίων.
1544 543 1625 624 Τελος
1655 545 1682 603 δὲ
1706 547 1751 604 καὶ

979 622 1111 700 ποίημαγ
1094 625 1201 705 γράφειν
1223 649 1268 684 και
1282 619 1467 705 πραγματικὴν
1486 631 1603 708 ἱστορίαν
1619 631 1751 711 ἐνεχείρη-

979 731 1041 785 σεν,
1055 712 1081 767 θν
1100 703 1171 790 Ιἦδιδι
1186 735 1232 770 του
1216 713 1384 791 προοιμίου
1397 715 1589 794 παρεκάλει
1551 739 1608 783 τους
1627 718 1752 798 ίντυγχά-

978 818 1067 862 νοντας
1077 797 1235 904 συγγνώμην
1250 798 1333 878 ἔχειν,
1353 803 1375 858 εἰ
1396 801 1528 878 Ῥωμαῖος
1538 801 1574 860 ὢν
1590 803 1626 878 μὴ
1644 804 1751 864 δύναται

978 888 1150 962 κατακρατεῖν
1170 889 1217 956 τῆς
1227 887 1385 957 Ἑλληνικῆς
1407 885 1662 960 disiunctissime
1682 894 1750 949 κατδι

977 967 1091 1047 τδνρ
1034 991 1091 1047 χιιρ
1094 969 1167 1046 ισμδν
1180 971 1333 1048 οἰκονομίας.
1348 972 1418 1052 Πρός
1427 972 1454 1030 όν
1464 974 1563 1038 οἰκείως
1574 977 1751 1048 ἀπηντηκέναι

980 1055 1050 1112 δοκεῖ
1065 1057 1171 1135 Μάρκος
1195 1057 1305 1136 Πόρκιος
1327 1060 1438 1118 Κίτιον·
1457 1060 1596 1136 θαυμάζειν
1615 1062 1665 1142 γὰρ
1688 1063 1751 1144 ἔφη,

978 1143 1042 1220 πρὸς
1053 1144 1111 1202 τίνα
1125 1145 1216 1250 λόγον,
1211 1147 1322 1206 ποιεῖται
1337 1145 1459 1218 τοιαύτην
1474 1171 1512 1206 πα
1516 1148 1642 1226 ρ.αίτησιν
1656 1154 1689 1210 Εἰ
1704 1151 1751 1228 μὲν

977 1227 1027 1334 γάρ
1040 1231 1155 1310 αὐτῷ
1132 1253 1161 1289 το
1181 1256 1232 1290 των
1251 1232 1441 1312 Ἀμφικτυόνων
1463 1233 1537 1292 συνίδ
1524 1236 1591 1378 δρθιον
1614 1235 1751 1296 συνέταττε

786 1363 790 1372 .
895 1317 1083 1395 Ιγράφειν
1102 1317 1263 1424 ίστορίαν,“”
1254 1320 1366 1384 ισωςδ
1338 1317 1389 1376 ἔδει
1413 1319 1586 1398 προφέρεσθαι
1605 1329 1689 1382 ταῦτα
1706 1325 1751 1382 καὶ

977 1409 1173 1480 παραιτεῖσθαι·
1190 1405 1320 1479 μηδεμιᾶς
1337 1406 1399 1461 δ’
1385 1405 1498 1482 ανάγκης
1512 1406 1602 1480 οὔσης,
1614 1410 1750 1483 ἐθελοντὴν

977 1489 1077 1598 φἰπογρα
1071 1489 1191 1570 ’·ρασθαι,
1224 1490 1335 1548 κᾶπειτα
1372 1497 1556 1570 παραιτεῖσθαι
1591 1495 1750 1604 συγγνώμην

977 1575 1060 1652 ἔχειν,
1080 1577 1194 1656 ἐδινβαρ
1196 1577 1230 1634 te
1233 1577 1304 1657 ρίζῃ,
1317 1581 1363 1648 τῆς
1377 1577 1480 1650 ἁπάσης
1501 1573 1749 1655 άτοπίαςειναιση-

977 1665 1063 1737 μεῖον·
1056 1662 1123 1720 καλ
1134 1663 1331 1743 παραπλησιον
1343 1663 1420 1730 ωςδν
1432 1663 1456 1722 τί
1474 1688 1526 1737 τις,
1539 1669 1575 1732 εις
1586 1667 1645 1734 τους
1658 1691 1749 1746 γυμνι

975 1746 1034 1816 κούς
1049 1754 1149 1825 ἀγῶνας
1173 1751 1389 1830 ἀπογραψάμενος
1409 1751 1500 1828 πυγμὴ
1501 1759 1515 1810 ir
1483 1750 1553 1822 ῆῆ
1572 1755 1748 1836 παγκράτιον,

975 1837 1110 1914 παρελθών
1129 1841 1163 1903 εἰς
1176 1838 1205 1896 τό
1222 1839 1339 1910 στάδιον,
1359 1836 1401 1896 ὅτε
1418 1839 1470 1898 δίοι
1488 1839 1632 1918 μάχεσθαι,
1649 1867 1747 1922 παραι-

975 1923 1043 1980 τοῖτο
1059 1923 1115 1990 τοὺς
1131 1923 1273 1997 θεωμένους
1286 1923 1444 2001 συγγνώμην
1458 1923 1546 2002 ἔχειν,
1562 1925 1606 1984 llo
1621 1928 1658 2002 μὴ
1673 1930 1749 2000 δύνη-

974 2029 1017 2065 ται
1030 2007 1095 2083 μήτε
1106 2008 1149 2066 τδν
1160 2008 1238 2066 πόνον
1252 2008 1389 2084 ὑπομένειν
1403 2010 1469 2086 μήτε
1478 2011 1526 2078 τδς
1534 2013 1646 2090 πληγάς.
1662 2017 1747 2084 Δῆλον

974 2093 1036 2173 γὰρ,
1044 2097 1079 2160 ὡς
1086 2093 1161 2165 eluite,
1172 2097 1273 2169 γέλωτα
1282 2095 1324 2154 τόν
1335 2102 1449 2156 τοιοῦτον
1459 2096 1555 2176 όφλειν,
1563 2101 1608 2157 καί
1617 2101 1664 2170 τὴν
1674 2101 1748 2170 δίκην

974 2181 1003 2237 ἐκ
1010 2179 1094 2258 χειρός
1102 2181 1243 2256 λαμόάνειν
1254 2226 1263 2256 ,
1274 2181 1338 2260 ὅπερ
1356 2181 1407 2240 ἔδει
1415 2182 1460 2242 καί
1468 2181 1526 2250 τούς
1537 2185 1664 2252 τοιούτους
1678 2189 1748 2244 ίστο·

975 2268 1142 2346 ριογράφους,
1165 2267 1208 2326 ἵνα
1227 2268 1264 2344 μὴ
1282 2268 1447 2341 κατιτόλμων
1467 2277 1511 2328 τοῦ
1525 2273 1609 2336 καλῶς
1636 2271 1747 2350 ίχοντος.

974 2353 1168 2432 Παραπλησίως
1180 2355 1207 2413 δὲ
1219 2355 1264 2414 καί
1288 2353 1357 2414 κατά
1382 2355 1426 2414 τόν
1443 2358 1531 2416 λοιπὸν
1549 2357 1603 2435 βίον
1624 2359 1747 2427 ἐζηλώκει

974 2437 1007 2496 rit
1014 2439 1133 2519 χείριστα
1140 2445 1191 2500 τῶν
1205 2439 1381 2512 Ἑλληνικῶν.
1393 2443 1501 2522 Kal-(dp
1510 2443 1644 2523 φιλήδονος
1658 2437 1688 2516 ῆν
1703 2445 1747 2504 καὶ

975 2526 1125 2605 φυγόπονος.
1140 2530 1226 2588 Τοῦτο
1237 2528 1259 2586 δ’
1272 2527 1345 2587 ἔσται
1357 2530 1435 2599 δῆλον
1446 2529 1472 2598 ἐξ
1486 2531 1571 2588 αὐτῶν
1582 2533 1633 2588 τῶν
1644 2531 1749 2592 ἐνεστώ·

974 2633 1033 2670 των.
1056 2611 1107 2679 Ὃς
1130 2616 1249 2692 πρῶτος,
1264 2619 1355 2692 παρὼν
1371 2616 1397 2672 ἐν
1412 2623 1465 2682 τοῖς
1479 2616 1547 2674 κατὰ
1561 2615 1608 2686 τὴν
1629 2615 1747 2678 Ἑλλάδα

973 2697 1073 2804 τόποις,
1083 2703 1142 2757 καθ’
1154 2697 1182 2756 δν
1196 2699 1285 2778 καιρόν
1300 2699 1432 2758 συνίόαινε
1444 2702 1575 2778 γίγνεσθαι
1589 2702 1637 2773 τὴν
1648 2707 1673 2762 όν
1685 2706 1747 2764 Φω-

973 2783 1072 2841 κίδι’
1036 2807 1141 2864 μαχην,
1152 2785 1316 2866 σκηψάμενος
1331 2785 1463 2844 ἀσθένειαν
1478 2789 1513 2852 τίς
1530 2788 1654 2858 Θήόας’
1639 2794 1745 2869 ανεχώ-

974 2893 1050 2948 ρησι,
1065 2873 1142 2951 χάριν
1156 2894 1201 2930 του
1223 2873 1260 2949 μὴ
1284 2881 1425 2977 μετασχεῖν
1446 2878 1492 2930 τοῦ
1510 2873 1641 2933 κινδύνου·
1635 2899 1745 2935 ·συντε·

193 2969 309 3022 Kelusa
325 2968 410 3040 (Viti.
434 2979 461 3021 et
472 2964 584 3064 fragm.
609 2965 675 3019 hist.
692 2967 741 3022 lat.
765 2985 795 3038 p.
829 2963 925 3042 127):
972 2957 1106 3030 λεσθιίσης
1118 2958 1190 3016 δί
1157 2983 1204 3029 της
1218 2958 1320 3037 μάχης,
1332 2980 1432 3036 πρωτος
1444 2958 1541 3038 ἔγραψε
1559 2985 1592 3039 τη
1575 2961 1745 3042 ”συγκλήτιρ

157 3059 218 3111 A.
233 3054 388 3109 Postumius
403 3054 558 3108 Albinus'
534 3071 598 3105 urvo
610 3053 715 3107 Catone
727 3052 862 3108 Censorio
879 3051 928 3106 sed
971 3043 1032 3122 περι
1042 3067 1087 3102 του
1071 3044 1315 3154 κατορθώματος,
1328 3046 1513 3124 προδιασαφων
1524 3045 1558 3104 τό
1572 3047 1640 3106 κατὰ
1653 3048 1745 3128 μέρος,

153 3143 248 3194 minor
264 3138 376 3210 floruit,
389 3139 498 3210 fuitque
514 3139 601 3194 bomo
618 3139 742 3192 literatus
755 3147 782 3190 et
796 3137 927 3205 disertus,
972 3131 1006 3194 ὡς
1027 3129 1194 3208 μετεσχηκώς
1210 3130 1286 3197 αὐτος
1300 3130 1417 3210 ἀγώνων.
1432 3136 1536 3191 Gellius
1551 3139 1587 3191 N.
1602 3141 1636 3194 A.
1651 3139 1702 3206 XI,
1712 3137 1742 3210 8,

152 3245 253 3280 censor
271 3243 335 3279 cum
349 3225 383 3296 Q.
399 3225 499 3279 Fulvio
519 3225 553 3294 Q.
575 3225 607 3278 F.
623 3224 721 3278 Flacco
735 3241 761 3280 a.
774 3223 811 3277 U.
824 3242 850 3278 c.
869 3221 926 3276 580
972 3237 1005 3273 ex
1022 3220 1095 3274 libro
1118 3221 1241 3276 Cornelii
1263 3223 1379 3294 Nepotis
1394 3225 1437 3277 De
1456 3223 1608 3278 illustribus
1621 3225 1687 3278 viris
1707 3226 1746 3283 ita

154 3313 230 3380 (Liv.
251 3309 514 3382 th,27.xt.11,
538 3327 583 3362 ιο.
605 3308 717 3377 XLIII,
745 3306 811 3380 16),
831 3309 927 3362 consul
971 3305 1029 3358 haec
1042 3307 1149 3360 rettulit
1165 3325 1172 3360 ι
1188 3307 1317 3374 Albinus,
1338 3312 1386 3379 qui
1401 3325 1461 3360 cum
1475 3310 1506 3362 t.
1518 3311 1634 3364 Lucullo
1647 3313 1747 3364 consui

153 3397 278 3468 denique
292 3415 356 3450 cum
367 3398 401 3452 L.
413 3397 522 3450 Licinio
536 3395 658 3449 Lucullo
669 3411 744 3448 anno
762 3391 833 3462 603,
847 3393 927 3466 quod
963 3388 1040 3458 suit,
1079 3411 1122 3446 res
1142 3395 1283 3448 Romanas
1303 3399 1427 3448 oratioue
1450 3395 1549 3448 Groeca
1571 3401 1743 3468 scriptitavit.

152 3483 253 3538 Cicero
269 3485 298 3536 in
310 3481 390 3539 brut.
412 3501 438 3539 e.
464 3499 498 3534 at
515 3481 592 3551 init,
607 3480 710 3535 Gellius
721 3481 751 3533 in
765 3481 800 3536 N.
817 3483 850 3535 A.
867 3481 927 3548 Xl,
969 3479 1005 3529 In
1020 3481 1079 3546 ejus
1099 3479 1230 3532 Historiae
1246 3485 1385 3553 principio
1403 3486 1533 3554 seriptum
1554 3493 1597 3536 cst
1614 3483 1655 3535 ad
1672 3483 1745 3538 itanc

153 3571 184 3638 8,
199 3583 227 3624 et
237 3569 397 3624 Macrobius
408 3571 438 3622 in
451 3569 638 3624 Saturnalium
654 3565 815 3640 praelatione
831 3565 928 3621 iisdem
970 3569 1157 3618 sententiam:
1178 3566 1320 3620 Neminem
1336 3585 1493 3622 succensere
1511 3565 1566 3622 sibi
1586 3574 1743 3636 conuenire,

151 3675 232 3728 paene
250 3657 344 3711 verbis
365 3655 501 3712 referunt.
524 3653 615 3708 Iidem
637 3671 702 3706 eum
725 3653 876 3708 Plutarcho
898 3653 928 3706 itt
968 3651 1123 3722 siquidm
1144 3650 1189 3704 iris
1209 3652 1284 3706 libris
1297 3671 1399 3725 parum
1417 3653 1566 3725 composite
1586 3661 1746 3710 autminus

152 3745 258 3800 Catone
274 3743 314 3818 (c.
340 3739 389 3819 τε)
405 3754 533 3798 auctores
552 3751 630 3810 sunt,
650 3741 745 3796 Graece
759 3760 824 3796 eum
836 3741 926 3796 histo·
969 3737 1111 3809 eleganter
1121 3742 1252 3809 scriptum
1258 3737 1348 3806 soret.
1362 3741 1437 3794 Num
1449 3759 1520 3806 sum,
1542 3746 1644 3813 iuquit,
1665 3741 1746 3795 homo

153 3831 223 3884 riam
236 3829 388 3901 scripsisse,
404 3827 440 3882 de
452 3846 507 3900 qua
519 3839 613 3882 umen
629 3827 699 3880 nihil
710 3837 845 3899 praterea
858 3843 927 3880 con·
967 3825 1123 3890 Romanus,
1144 3837 1226 3879 uatus
1243 3831 1272 3880 in
1285 3828 1389 3880 latio:
1413 3828 1515 3881 Groeca
1529 3832 1619 3881 oratio
1631 3846 1651 3880 a
1667 3829 1746 3883 nobis

152 3925 214 3973 stat.
232 3915 365 3987 Polybius
384 3913 479 3969 laudat
499 3913 558 3985 ejus
573 3909 673 3986 uoluunt
696 3923 724 3967 et
741 3907 926 3988 πραγματικὴν
967 3909 1139 3962 alienissima
1148 3922 1198 3964 est.
1214 3912 1338 3982 Ideoque
1354 3917 1463 3968 veniam
1474 3917 1647 3985 gratiamque
1661 3915 1745 3968 nraloe

152 3999 267 4076 ἱστορίαν
277 4003 315 4056 ita
329 4001 452 4056 scribens
463 4001 514 4056 lib.
526 4001 597 4070 XL,
613 3999 631 4053 6
645 4000 726 4072 (coll.
745 4001 818 4053 Plut.
831 3999 853 4055 l.
866 3997 924 4072 l.):
969 3999 1193 4063 existimationis,
1216 4003 1242 4052 si
1261 4000 1331 4071 quid
1346 4011 1418 4052 esset
1435 4011 1570 4064 erratum,
1585 4003 1743 4071 postulavit.

154 4077 237 4151 Αύλος
251 4085 414 4160 Ποστούμιος
428 4085 495 4152 ἄξιος
515 4083 618 4162 γίγονεν
632 4082 807 4158 ἐπισημασίας
821 4084 867 4139 ἄπ’
882 4085 926 4140 lu·
968 4081 1040 4136 Eam
1049 4101 1130 4154 quum
1144 4085 1254 4157 legisset
1264 4085 1309 4142 M.
1323 4085 1394 4139 Cato
1404 4104 1414 4137 ι
1425 4087 1480 4138 Nee
1492 4089 1642 4158 tu,inquit‚
1657 4089 1741 4154 Aule,

151 4177 248 4230 τεῦθιν.
262 4169 356 4236 Οἰκίας
375 4170 422 4246 μὲν
438 4171 489 4250 γάρ
508 4163 539 4242 ῆν
555 4171 600 4228 καί
615 4169 703 4247 γόνους
722 4167 844 4248 πρώτου,
858 4166 927 4225 κατὰ
967 4173 1080 4222 nimium
1092 4183 1260 4244 nugatores,
1284 4189 1365 4242 quum
1379 4174 1502 4226 maluisti
1515 4175 1625 4244 culpam
1638 4173 1737 4244 depre-

154 4257 182 4314 δὲ
199 4257 247 4328 τὴν
265 4257 333 4314 ἰδίαν
348 4256 424 4336 φύσιν
439 4257 573 4334 στωμύλος
586 4257 632 4314 καὶ
645 4255 722 4320 λάλος
743 4254 788 4312 καλ
801 4253 927 4333 πόρπερος
969 4261 1030 4308 curi
1041 4275 1123 4328 quam
1137 4259 1220 4329 culpa
1231 4275 1345 4312 vacare.
1355 4261 1429 4313 Nam
1435 4270 1530 4331 petere
1543 4263 1657 4312 venium
1667 4261 1741 4312 sole-

154 4342 337 4423 δισφερόντως.
361 4342 545 4421 Ἐπιθυμήσοις
559 4342 586 4400 δὲ
600 4343 691 4408 εὐθέως
712 4341 742 4398 ἔκ
762 4339 862 4400 παίδων
881 4343 927 4410 τῆς
969 4359 1041 4406 mus,
1063 4355 1112 4396 atet
1124 4363 1206 4416 quum
1222 4345 1406 4416 imprudentes
1423 4349 1573 4400 erravimus
1591 4355 1640 4397 aut
1659 4364 1740 4416 quum

151 4431 306 4500 Ἑλληνικῆς
324 4432 430 4506 ἀγωγῆς
443 4428 489 4486 καί
512 4427 663 4499 διαλίκτου,
685 4425 765 4492 πολύς
787 4425 834 4502 μὲν
848 4417 880 4496 ῆν
899 4427 926 4482 ἐν
970 4431 1104 4501 compulsi
1123 4436 1309 4502 peccavimus.
1338 4433 1411 4498 Tibi,
1439 4436 1541 4502 inquit,
1559 4449 1605 4484 om
1623 4442 1662 4498 te,
1685 4437 1744 4504 quis

208 2791 258 2874 A.
287 2789 594 2878 POSTUMIUS
617 2788 857 2876 ALBlNUS.

151 4516 248 4582 τούτοις
262 4515 307 4573 καλ
323 4513 563 4595 κατακορής·ώστι
575 4515 608 4571 δι’
619 4516 715 4571 ἐκεῖνον
728 4511 774 4570 καί
788 4511 835 4582 τῆν
854 4509 911 4590 stips
914 4544 925 4556 ·
963 4517 1088 4589 perpulit
1102 4527 1135 4570 ut
1151 4517 1182 4570 id
1194 4521 1386 4584 committeres,
1405 4517 1480 4589 quod
1487 4521 1651 4589 priusquam
1656 4516 1742 4588 face
1839 4559 1844 4574 .

180 4773 271 4832 rugam
287 4767 386 4831 quidem
397 4769 504 4820 nondum
520 4723 626 4829 dabant,
639 4767 725 4829 pedem
741 4766 814 4815 modo
825 4765 856 4815 ad
867 4765 925 4815 οΙο

150 4859 217 4895 erum
239 4849 349 4895 montem
368 4845 523 4896 referebant:
546 4845 606 4894 adeo
619 4847 646 4892 nt
661 4843 686 4892 id
701 4856 801 4892 cernens
818 4841 926 4892 AEntlliut

151 4937 197 4984 pre
211 4921 296 4971 dolore
314 4921 421 4970 tunicam
437 4935 504 4971 suam
523 4921 644 4970 disciderit
656 4920 691 4980 (si
709 4919 834 4968 Posidonio
851 4918 924 4968 eradi·

151 5001 230 5058 mus),
244 5009 338 5061 quum,
349 4997 487 5046 cedentibus
497 4997 616 5060 prioribus
630 4995 768 5056 ordInibus,
783 4995 867 5056 reliqui
877 4999 924 5045 ito-

149 5077 211 5124 mani
228 5074 373 5139 phalangem
392 5073 534 5122 inaccessam
557 5073 664 5124 ridentes
690 5071 816 5133 densisque
834 5073 924 5121 mrissis

969 4680 1095 4740 tanquam
1104 4679 1168 4728 vallo
1187 4679 1355 4741 premunitum
1376 4681 1401 4728 et
1418 4677 1449 4727 ab
1468 4679 1643 4742 oppugnatione
1664 4682 1742 4730 tutem

968 4758 1144 4806 aversarentur.

999 4921 1066 4968 cusa
1089 4917 1246 4968 Maeulonum
1265 4918 1319 4980 plus
1334 4839 1408 4980 qbam
1429 4919 1513 4980 nqinti
1535 4921 1648 4982 quinque,
1666 4921 1741 4972 millis

968 4988 1120 5058 perhibentur
1131 5017 1137 5045 ι
1147 4997 1178 5046 de
1188 4997 1300 5047 Romanis
1309 4999 1389 5046 auum
1396 5033 1403 5058 ,
1411 4999 1440 5046 ut
1449 4997 1587 5048 Posidonius
1596 4997 1678 5061 tradit,
1687 5011 1744 5050 een·

968 5077 1033 5128 tum.
1042 5075 1068 5121 nt
1079 5073 1175 5134 Nasica,
1186 5073 1306 5135 octoginta
1315 5073 1440 5123 desiderati
1454 5079 1517 5124 sunl.
