3940 5722
762 359 764 366 Α
828 281 1068 364 passurum.
1489 303 1493 310 ·
1690 291 1725 342 rr

137 436 207 522 φρν,
212 411 333 470 ιλθὼνδί
346 433 409 492 προς
422 415 532 484 ἐκεῖνον,
548 415 628 471 όδεῑτο
643 412 823 496 τογεῖνδθιης,
837 415 911 471 νἰδελ·
956 417 1063 492 χαλκοῖς
1076 411 1246 484 ὑποζῶσμασι
1264 411 1426 491 γραμμάτων
1447 413 1567 492 άμυδρῶν
1586 413 1730 490 ἐγκεχαρα-

136 497 226 582 portos
236 501 282 559 καὶ
294 499 499 582 καθυόρισμενος
510 501 554 558 ὑπ
567 503 671 558 οἰκετων
682 502 777 560 ἐκεινου
787 499 913 580 βασιλεως
959 501 1073 579 γμίνων·
1097 499 1253 577 θγένοιτ’
1240 523 1271 558 αν
1286 499 1391 578 ὑστερον
1413 497 1475 564 ίσως
1497 502 1616 578 άνωφελῆ
1635 501 1731 610 pupis

137 587 217 698 όνγος.
231 587 502 664 Συναγανακτοόντων
515 587 594 645 δὲ”
559 611 610 645 των
625 590 651 646 ἐν
666 585 766 663 'steph
785 609 831 646 και
820 586 929 647 δεινα
959 611 1047 664 σματα
1063 589 1115 654 τοῖς
1132 609 1250 644 τοκευσιν
1264 589 1339 662 ἡμῶν
1354 585 1532 694 ἀπρλομίνων.
1552 611 1564 638 ν
1579 583 1614 645 ‘0
1629 577 1718 660 ptr*
1688 608 1745 650 ουν,

137 675 246 756 πάσχειν
276 675 402 752 οἰομένων
426 675 517 733 τδν”
500 676 579 754 υνδρα
605 698 659 752 παρ
660 673 780 746 ’άξίαν,
804 675 914 746 κινηθεὶς
959 645 1100 754 ὑίομητυιρ,
1113 673 1181 732 ἔκτε
1196 677 1247 732 τῶν
1260 673 1344 750 λόγων
1355 672 1467 746 τουτων
1480 673 1524 731 καί
1535 671 1659 751 προςτὴ
1669 673 1732 748 tto

138 761 337 838 δλμουλιος
308 785 442 842 αυτιρ
388 783 442 839 ποι
444 759 597 820 αδίδωσι
563 785 600 819 τω
611 761 778 838 Νομητορι
755 784 797 820 τον
808 759 913 836 Ρῶμον
959 762 1065 830 εἰκάζων
1078 762 1120 820 τδν
1135 760 1242 840 χρόνον,
1262 764 1308 819 ουκ
1320 759 1397 840 εφυγε
1411 758 1459 830 τὴν
1470 759 1563 818 ἔλπίσα
1575 759 1731 834 σαινουσαν

138 849 167 920 ό,
180 872 205 906 τι
224 847 515 928 βοόλοιτοχρήσασθαι.
534 846 743 925 Παροιλοόὼνδ
758 849 892 920 ἐκεῖνος,
879 869 914 912 ως
960 850 1018 906 ἀλλ’
1034 848 1194 954 ἐφρόντιζεν,
1208 846 1324 914 ὅπως
1292 872 1324 925 τῃ
1338 847 1445 926 θνγατρι
1466 845 1633 925 περὶτούτων
1647 845 1732 926 κρύφα

137 929 200 1006 ἧκεν
211 933 315 1007 οἴκαδε,
327 933 465 1012 θαυμάζων
476 933 578 1010 μέν’
533 957 585 991 ono
597 939 640 991 τοῦ
652 932 770 1008 σώματος
781 932 824 992 τὸν
835 932 914 991 νεανί·
960 933 1143 1010 συγγενόμενος
1153 933 1287 1014 φράττων·
1301 934 1447 1013 ἐφρουρεῖτο
1459 931 1509 1009 γάρ
1519 932 1557 989 ίτι
1567 955 1707 1012 καρτερως.

138 1045 217 1097 σκον,
233 1022 409 1104 ὑπερφέροντα
425 1020 527 1098 μεγάθει
540 1021 585 1078 καὶ
600 1019 676 1101 ῥώμη
690 1019 803 1092 πάντας,
821 1024 914 1097 ἐνορῶν
999 1021 1033 1081 ‘0
1050 1021 1076 1078 δὲ
1095 1021 1264 1091 Φαυστὺλος,
1286 1020 1398 1086 ἀκούσας
1415 1019 1462 1088 τήν
1486 1042 1514 1077 τε
1538 1019 1665 1098 σόλληφιν
1687 1025 1734 1076 τοῦ

139 1111 167 1168 δὲ
184 1111 222 1188 τῷ
242 1108 377 1188 προσώπῳ
391 1107 420 1166 τδ
432 1107 572 1186 θαρραλέον
587 1106 632 1166 καὶ
646 1106 738 1183 ἰταμόν
751 1110 797 1176 τῆς
811 1110 913 1186 ψυχῆς,
960 1107 1067 1184 Ῥῶμον
1080 1109 1125 1166 καὶ
1141 1107 1187 1177 τὴν
1203 1109 1363 1188 παράδοσιν,
1378 1107 1421 1164 τδν
1437 1105 1483 1182 μὲν
1504 1105 1645 1183 Ῥωμύλον.
1660 1106 1734 1176 ἠξίου

139 1193 286 1254 άδοόλωτον
308 1193 354 1252 καλ
372 1191 468 1261 ἀπαθὲς
491 1194 541 1252 ὑπὸ
559 1197 610 1251 τῶν
629 1193 782 1272 παρόντων,
805 1193 867 1272 ἔργα
888 1193 915 1252 δὲ
961 1199 1077 1273 βοηθεῖν,
1089 1194 1148 1254 τότε
1163 1199 1250 1274 σαφῶς
1269 1195 1369 1262 διδάξας
1382 1195 1442 1274 περὶ
1456 1198 1501 1264 τῆς
1520 1195 1656 1272 γενέσεως·
1669 1195 1736 1272 πρόλ

139 1283 219 1341 αὐτοῦ
234 1281 279 1340 καὶ
294 1279 399 1360 πράξεις
414 1279 490 1356 όμοια
503 1288 556 1346 τοῖς
579 1277 746 1382 βλεπομένοις
758 1279 872 1349 άκοόων,
886 1277 916 1338 τθ
960 1305 1031 1360 τερον
1055 1279 1082 1340 δὲ
1102 1283 1267 1361 ὑπῃνίττετο,
1286 1282 1331 1340 καλ
1350 1281 1498 1359 παρεδήλου
1517 1287 1654 1357 τοσοῦτον,
1675 1280 1737 1340 ὅσον

139 1367 346 1443 δίμέγιστον,
332 1392 367 1434 ως
381 1368 461 1438 ἔοικε,
473 1366 721 1446 θεοῶσυμπαρόντος
734 1389 778 1424 και
792 1389 916 1424 συνεπεν·
961 1367 1133 1446 προσέχοντας
1148 1367 1184 1442 μὴ
1203 1391 1295 1446 μικρον
1310 1377 1421 1447 φρονεῖν.
1413 1367 1618 1437 ,Αὑτδςδθτὴν
1631 1368 1735 1448 σκάφην

139 1455 256 1519 δύνοντος
269 1453 352 1562 ἀρχάς
365 1455 485 1530 μεγάλων
500 1453 680 1532 πραγμάτων,
697 1453 839 1528 ἁπτόμενος
852 1456 916 1510 ὑπο·
961 1455 1097 1530 κομίζωνέ
1097 1454 1153 1533 7u'rp
1155 1479 1178 1512 ει
1140 1477 1252 1534 προς
1261 1478 1305 1513 τον
1315 1453 1423 1530 θιααητο
1425 1456 1597 1530 α,σπουδῆς
1605 1455 1651 1512 καὶ
1662 1454 1737 1520 δίονς

139 1541 195 1618 vaip
214 1540 304 1599 καθ’
275 1563 343 1620 τυχῃ
358 1563 404 1602 τηε
417 1539 589 1611 αληθειας,
575 1539 651 1620 ανάκρ
656 1561 706 1597 ινεν
712 1535 844 1610 ,ὅστιςν
820 1563 860 1608 ειη
872 1539 917 1598 καλ
962 1564 1054 1616 μεστος
1068 1565 1103 1600 ων
1116 1540 1195 1599 διδι
1171 1565 1215 1600 τον
1229 1542 1330 1619 καιρόν.
1348 1531 1523 1648 Ὑποψίρὶν
1493 1563 1536 1598 ουν
1548 1564 1602 1607 τοις
1614 1565 1648 1599 πε
1650 1540 1738 1619 ριτδς

136 1601 336 1706 διτιίνςγὲνοιτο,
348 1631 420 1705 φωνῇ
435 1649 462 1684 τε
474 1649 569 1706 πραεια
585 1626 629 1684 καί
638 1563 821 1706 ρφιλανθρώπῳ
837 1625 917 1704 βλίμ-
962 1627 1044 1700 πυλας
1057 1650 1173 1706 φρουροις
1185 1649 1229 1684 του
1245 1627 1371 1705 βασιλεως
1384 1648 1525 1708 παρεγων
1541 1628 1585 1684 και
1598 1627 1736 1708 νφορωμτ-

141 1715 307 1790 ματιπίστιν
321 1716 392 1772 αὑτῶ
406 1737 455 1787 μετ
455 1711 718 1778 ’ἐλπίδοςένδιδοός
724 1711 798 1772 Ὁδδ
813 1715 898 1792 θαρρ
879 1737 914 1772 ων
961 1737 1003 1780 νος
1016 1717 1052 1772 υπ
1074 1716 1171 1786 αὐτῶν,
1186 1737 1231 1772 και
1244 1737 1433 1792 ταραττομενος
1444 1737 1508 1793 προς
1518 1713 1563 1780 τὰς
1573 1714 1734 1792 ἂνακρισεις,

141 1771 271 1878 ίλεγεν·«
258 1799 359 1858 «Ἀλλ’
370 1771 442 1858 όόδὲν
459 1799 643 1878 άποκρύψομαί
662 1823 704 1858 σε·
723 1799 767 1856 καί
785 1797 834 1878 γάρ
853 1791 918 1858 εἶναι
962 1803 1009 1858 οὐκ
1024 1799 1099 1858 ἔλαθε
1120 1804 1166 1870 τὴν
1189 1800 1334 1882 σκάφην
1305 1805 1343 1858 τῶ
1363 1800 1502 1879 γλαμυδίιμ
1521 1800 1740 1944 περικμλόπτων.

140 1890 223 1952 δοκεῖς
235 1887 373 1962 λμουλιου
386 1885 593 1964 βασιλικωτερος
606 1884 717 1950 Ακονεις
729 1885 779 1965 γάρ
794 1886 866 1944 καί
852 1908 919 1944 σινα
962 1877 1015 1948 Ην
1028 1885 1056 1944 δε
1066 1910 1103 1952 τις
1115 1889 1179 1944 ἐν
1151 1911 1240 1952 αυταις
1255 1911 1306 1945 απο
1321 1911 1399 1965 τυγης
1411 1910 1462 1946 των
1475 1887 1508 1944 τά
1522 1888 1586 1944 παι
1622 1910 1648 1944 ια
1662 1889 1736 1966 pupas

141 1976 248 2052 κρίνεις,
266 1973 500 2050 spiritalitat-
513 1973 561 2030 it
575 1971 692 2050 ακρίτους
704 1973 833 2032 ἐκδισιισι
850 1971 919 2050 llpo'-
964 1970 1096 2030 λαθόντων
1115 1996 1160 2030 και
1171 1995 1311 2048 γεγονοτων
1325 1995 1358 2030 πε
1361 1971 1442 2051 λτλν
1454 1971 1562 2032 ἔκθεσιν
1619 1997 1662 2040 τος
1675 1972 1738 2031 ίδόνν

139 2083 213 2137 sapor
235 2059 285 2134 μὲν
305 2057 447 2124 δαυτσὺς’
424 2061 530 2116 οικιτῶν
554 2057 681 2134 βασιλέως
701 2058 861 2118 Φαυστὺλου
875 2057 919 2116 καί
964 2058 1164 2136 τλν,σκάφην’
1136 2081 1193 2118 τοτε
1207 2060 1252 2118 καὶ
1265 2059 1391 2137 γνωρίσας
1406 2064 1439 2135 τῇ
1453 2065 1604 2138 κατασκευῇ
1623 2083 1667 2118 και
1684 2070 1740 2126 τοῖς

142 2146 287 2226 ιλαρεντίας
309 2145 476 2220 ἠπιστάμεθα
499 2145 605 2210 παῖδας.
617 2142 728 2218 Ἐσμδν
751 2141 779 2202 δὲ
807 2145 918 2220 δίδυμοι.
964 2145 1115 2224 γράμμασιν
1131 2145 1339 2224 ἔτυγινὺπονοίφι
1353 2151 1397 2203 τοῦ
1411 2145 1552 2211 dirarari
1568 2148 1597 2203 οὐ
1612 2169 1719 2225 nup-ppo
1686 2145 1744 2219 μί-ι·

140 2235 281 2307 Ιενόμενοι
298 2233 326 2289 δὲ
340 2235 411 2288 ἐν
385 2255 455 2290 αιτια
447 2253 593 2310 προςσ
608 2253 653 2287 και
642 2229 797 2298 οιαόολαις
812 2254 856 2288 και
868 2255 920 2299 τοις
964 2234 1058 2302 λησεν,
1068 2231 1196 2311 άλλίιφρ
1179 2251 1246 2298 aaa<
1256 2253 1285 2290 το
1296 2240 1407 2310 πραγμα
1418 2255 1455 2311 τῳ
1436 2232 1570 2309 βασιλει
1578 2230 1736 2300 κατάστασιν

139 2320 422 2399 περλψνγῆςάγῶσιν,
436 2316 563 2392 άκοόομεν
580 2317 695 2400 μεγάλα
697 2341 757 2392 περι
747 2316 882 2374 ἑαυτῶν·
898 2321 920 2376 εί
966 2322 1000 2384 εἷς
1021 2318 1136 2396 ἔλεγχον.
1160 2319 1207 2378 Ἐν
1229 2319 1256 2376 δὲ
1274 2321 1383 2384 πολλοῖς
1403 2342 1447 2376 και
1470 2317 1627 2394 μεγάλαις’
1612 2319 1738 2394 ανάγκσις

139 2408 169 2464 δὲ
179 2404 262 2462 πισδ
271 2401 418 2480 κρίνειν
404 2426 470 2461 εοικε
481 2427 524 2460 νυν
540 2402 692 2461 ὑκίνδυνοτ.
714 2405 736 2462 Γ
737 2425 794 2460 οναι
784 2399 856 2478 μὲν
870 2403 920 2482 γάρ
966 2403 1193 2472 Φαοττυλος
1165 2409 1218 2463 ουτ
1234 2405 1284 2474 δή·
1275 2429 1361 2476 τητον
1383 2405 1474 2464 ἑαυτὸν
1496 2404 1663 2485 διεφύλαξεν,
1679 2403 1747 2464 οὔτε·

140 2496 217 2566 ἡμῶν
239 2489 384 2568 ἀπόρρητοι
406 2488 569 2566 λε’γονται,τ
571 2487 646 2570 popul
663 2487 690 2547 δὲ
710 2488 815 2548 nala
776 2497 815 2548 τιθ
817 2514 921 2560 ηνησιις
966 2489 1129 2553 παντάπασιν
1146 2491 1273 2550 ἐκδιασθ
1240 2496 1290 2558 θεις
1309 2491 1479 2566 σώζεσθαι
1450 2516 1496 2550 usu
1515 2491 1668 2570 ὡμολόγησε
1680 2491 1740 2556 τοὺσ

141 2577 310 2654 ἀτοπώτεροι
323 2579 446 2652 νεογνῶν,
456 2568 512 2644 οἶς’
502 2577 640 2678 ερρίφημεν
652 2579 750 2642 οἰωνοῖς
759 2576 873 2634 καλθιΗ
830 2599 920 2656 ηριοις,
966 2578 1073 2648 παῖδας,
1085 2599 1150 2634 ειναι
1164 2577 1186 2634 δ’
1201 2578 1337 2636 ἄποθεν
1306 2603 1351 2648 της
1364 2577 1460 2648 ’λλόης
1472 2577 1561 2658 ἔφη
1534 2602 1671 2654 νεμνντας·
1687 2581 1739 2638 αὑ-

142 2666 193 2722 ὑπθ
208 2666 309 2722 τούτων
330 2661 494 2741 τρεφόμενοι,
512 2685 604 2739 paoni
586 2661 741 2732 ”λυκαίνης
754 2661 831 2718 καί
818 2685 921 2766 ορυοκρ·
966 2685 1008 2728 τος
1022 2663 1049 2720 δὲ
1066 2670 1141 2722 τοῦτο
1154 2665 1278 2745 πρόςν
1231 2665 1278 2734 τὴν
1292 2665 1419 2724 Ἰλίαν’
1388 2687 1471 2744 φερων
1487 2665 1599 2744 βαδίζειν
1615 2666 1740 2731 πολλάκις

141 2751 242 2808 λάπτου
254 2748 446 2829 ψωμίσμασιν,
462 2747 487 2805 ἔν
500 2747 586 2826 σκάφῃ
600 2747 649 2806 τινί
665 2747 777 2824 κείμενοι
792 2748 901 2827 παρὰ
877 2771 921 2805 τον
967 2751 1028 2806 ἰδεῖν
1042 2773 1087 2808 και
1077 2749 1177 2827 θιγεῖν
1192 2751 1232 2808 ἐπ’
1246 2749 1330 2809 ἐλπίδι
1345 2751 1546 2856 βεόαιρτὲρορ
1511 2775 1563 2810 των
1577 2753 1672 2812 τίκνων
1686 2777 1739 2812 πο.-

143 2838 227 2914 μέγσν
250 2835 382 2910 ποταμόν.
407 2831 532 2894 Ἔστιδ’
554 2833 702 2913 ἡσκάφη,
726 2857 771 2891 και
792 2833 920 2908 σώζεται,
968 2835 1096 2908 θήσασαν.
1109 2827 1259 2916 ’ὟΟπερουν
1280 2841 1303 2896 οἱ
1318 2837 1505 2917 ταραττόμενοι
1526 2838 1571 2896 καὶ
1588 2839 1655 2914 μετά
1669 2840 1740 2905 δέους

143 3033 174 3083 ad
187 3037 246 3082 seat
259 3034 401 3082 accusatum
415 3032 535 3092 Numitor,
547 3033 602 3094 quia
613 3033 673 3080 iram
689 3031 815 3080 verebatur
827 3031 922 3092 fratris,
967 3032 1049 3083 alvens
1060 3038 1084 3084 et
1093 3035 1174 3084 salvus
1191 3037 1242 3097 est,
1253 3036 1325 3087 σεοσίε
1339 3036 1440 3086 νΙιισυΙίσ
1457 3035 1649 3099 circumductus,
1666 3037 1742 3088 literis

144 3113 194 3174 lpse
211 3123 258 3160 non
279 3111 390 3172 punivit,
404 3109 445 3158 sed
461 3111 579 3171 protectus
596 3108 625 3157 ad
642 3110 723 3170 illum,
739 3110 923 3159 satisfactionem
968 3109 1093 3178 insopiptns
1106 3114 1308 3175 exolescentibus,
1322 3115 1404 3164 sutura
1419 3114 1518 3163 tortasse
1534 3116 1741 3176 parantibuoalim

144 3189 292 3251 protulerit,
302 3187 345 3249 qui
357 3187 430 3235 trater
440 3189 501 3234 esset
510 3185 569 3246 regis
580 3188 604 3235 et
617 3185 717 3235 uiolatus
728 3185 758 3234 ab
768 3187 841 3248 ipsius
850 3187 923 3236 tamu-
968 3187 1077 3238 interitus
1090 3190 1165 3239 nostri
1176 3190 1269 3240 inartilla
1283 3190 1377 3240 indicia.
1392 3211 1404 3234 ι
1416 3191 1546 3240 Numitoris
1562 3191 1591 3240 od
1606 3193 1680 3242 rerba
1689 3193 1742 3243 Ιιιοσ

145 3264 182 3314 lis.
190 3269 274 3323 Quum
282 3275 341 3312 reru
350 3261 434 3310 Albani
446 3261 518 3310 etiam
528 3261 707 3323 indignarentur
715 3265 740 3311 et
750 3262 835 3324 injuria
845 3263 924 3322 sirum
968 3265 992 3312 et
1003 3267 1099 3314 aetamm
1117 3280 1147 3315 ex
1161 3267 1220 3316 tacte
1238 3269 1369 3316 ducentem
1388 3269 1484 3328 tompus
1502 3268 1635 3328 reputantis
1655 3269 1742 3319 blanda

145 3343 208 3392 allici
231 3341 394 3392 manifestoria
416 3339 554 3400 crederent,
576 3340 693 3389 adductus
713 3342 875 3390 estamplius
895 3343 924 3391 ut
968 3355 1021 3402 spos
1032 3345 1138 3394 animum
1155 3345 1455 3408 letigit,suhiitqueoura,
1471 3345 1673 3406 quemadmodum
1686 3362 1743 3398 curn

146 3425 246 3472 nanum
263 3419 384 3471 Numitori
398 3417 427 3467 ad
438 3419 579 3480 simplicium
592 3417 807 3480 quodvisduderet.
823 3423 924 3468 Domum
970 3417 1032 3478 filia,
1045 3434 1101 3481 quae
1118 3421 1143 3469 in
1158 3425 1230 3478 arata
1242 3422 1321 3471 adlruo
1338 3422 1489 3472 detinebatur
1507 3413 1626 3484 molodia,
1645 3425 1744 3474 rernotis

146 3497 320 3558 reversusilla,
341 3495 516 3544 adotmmtun
533 3495 618 3544 adduci
627 3494 709 3556 jussit,
719 3498 745 3544 et
761 3497 866 3558 corporis
877 3495 924 3544 aul·
969 3495 1063 3545 arbitris
1072 3497 1102 3546 de
1113 3497 1150 3547 liis
1164 3501 1252 3560 ageret,

146 3581 219 3628 uriam
233 3574 535 3638 prmteroeterosspeciem
545 3577 569 3624 et
579 3575 651 3622 robur
669 3573 768 3624 miratus
782 3575 861 3634 simul,
872 3573 924 3623 ani·
1000 3575 1032 3622 at
1042 3575 1182 3634 Faustulus,
1196 3578 1223 3623 ut
1238 3577 1334 3637 captum
1354 3579 1456 3626 Remum
1474 3577 1498 3624 et
1510 3575 1616 3624 deditum
1637 3578 1743 3638 ιιισιηιῐι,

147 3655 385 3706 medrarsninrultu
398 3653 498 3703 aurtacta
509 3657 533 3704 et
549 3655 788 3716 confidentiaanimi,
799 3656 925 3716 imperter·
969 3649 1065 3697 Rvffllffi
1088 3651 1199 3712 impilm
1223 3665 1306 3713 opem,
1324 3653 1394 3714 elque
1413 3652 1510 3701 “fldem
1528 3665 1609 3702 'mm
1630 3654 1756 3716 ⁰f⁵ss⁵⁰0m³

146 3735 192 3782 rlta
202 3738 227 3782 et
237 3732 329 3781 invicta
338 3733 449 3794 praesenti
459 3731 577 3795 ρετῑομΙος
588 3733 651 3780 taeta
665 3731 750 3780 deinde
765 3733 789 3780 ot
800 3733 865 3792 gesta
874 3736 927 3791 ejus
971 3726 1043 3787 ipsius
1062 3728 1154 3790 aperit,
1169 3743 1241 3791 quarn
1256 3731 1357 3780 obscuro
1375 3733 1431 3779 anta
1448 3732 1472 3778 et
1485 3730 1562 3780 obiter
1581 3732 1696 3780 hacteuus
1710 3732 1745 3780 ln·

146 3809 258 3868 audiam,
277 3821 333 3869 quae
349 3819 452 3868 congrua
470 3810 548 3856 essem
566 3807 594 3856 iis
609 3821 664 3872 qum
682 3808 789 3868 vidoret;
808 3809 927 3870 praoipue
970 3801 1104 3864 dicaverat,
1120 3809 1238 3866 quatenus
1252 3806 1310 3866 iliis,
1327 3807 1346 3855 sl
1359 3807 1466 3854 animum
1476 3807 1642 3866 adverterent,
1652 3808 1745 3858 anltnos
1786 3867 1788 3872 ,

146 3899 219 3947 rero,
240 3885 303 3944 deo,
322 3885 351 3931 ut
362 3883 446 3944 lemur,
464 3885 581 3945 praesente
591 3887 616 3932 ot
634 3884 772 3934 moderante
788 3897 926 3946 magnarum
972 3881 1049 3928 tacere
1060 3883 1146 3942 poaot.
1161 3883 1236 3932 Simul
1255 3883 1305 3944 ipse
1317 3883 1430 3944 temporis
1441 3884 1580 3932 necessitato
1598 3883 1745 3932 festinatius·

147 3975 229 4012 mm
242 3961 360 4022 origines,
370 3961 420 4009 tarn
430 3961 638 4022 sagacitalequam
651 3961 745 4009 torinna
754 3961 879 4011 veritatem
889 3973 926 4009 as·
971 3955 1017 4005 dus
1025 3959 1049 4006 et
1060 3958 1190 4018 perculsus,
1198 3971 1253 4008 oum
1262 3959 1330 4008 alveo
1336 3959 1495 4008 oontenditad
1505 3960 1661 4009 Numitorem.
1673 3961 1744 4010 vonit

145 4051 250 4102 sequena
261 4039 391 4097 interrogat
399 4037 508 4098 quisnam
519 4037 565 4097 sit,
575 4049 660 4099 quaere
671 4036 722 4097 ejus
730 4037 808 4098 origo,
819 4037 927 4098 aornipue
971 4036 1051 4082 autem
1065 4035 1088 4083 in
1099 4035 1256 4096 suspicionem
1273 4036 1343 4095 rogim
1358 4035 1389 4084 ad
1399 4038 1492 4097 portam
1505 4037 1614 4098 stationi;
1633 4039 1657 4086 et
1668 4049 1744 4099 quum

146 4117 256 4178 alloquio
272 4119 299 4161 el
312 4113 417 4161 nomano
432 4113 521 4162 intuitu
533 4121 664 4174 apameam
676 4113 762 4164 fiducia
778 4113 828 4162 dot.
842 4113 884 4162 llle
894 4115 926 4162 ln·
972 4112 1054 4160 oculos
1067 4113 1090 4160 in
1100 4125 1155 4161 eum
1163 4113 1327 4172 intenderent,
1338 4115 1411 4174 atque
1420 4113 1458 4162 ille
1466 4113 1595 4175 trepidaret
1604 4113 1633 4162 ad
1642 4114 1744 4162 interro-

147 4191 254 4254 trepide,
274 4209 287 4232 α
304 4189 379 4246 Nihil,
396 4189 487 4251 inquit,
500 4192 524 4238 te
537 4189 635 4250 celaho;
654 4203 756 4251 namque
775 4189 837 4251 regio
849 4189 928 4240 annno
972 4191 1041 4249 gata,
1055 4189 1166 4238 detectus
1182 4193 1232 4250 est,
1253 4203 1325 4251 quern
1342 4188 1415 4251 pallio
1427 4189 1567 4251 operllerat,
1585 4191 1674 4238 alveus.
1689 4193 1745 4240 snt

146 4267 292 4330 map'smihi
309 4267 410 4324 sideru,
422 4280 495 4329 quarn
511 4267 632 4328 Amulius,
648 4281 710 4327 esse;
725 4268 833 4329 quiante
847 4267 929 4317 audies
973 4265 1034 4314 torta
1043 4265 1103 4314 inter
1114 4279 1155 4315 eos
1164 4266 1261 4328 quidam
1274 4279 1305 4316 as
1315 4267 1376 4325 illis,
1386 4267 1427 4328 qul
1439 4265 1595 4328 projiciendos
1606 4269 1746 4327 acceperant

145 4347 369 4409 aquasmaquam
378 4341 679 4406 ἀναμιμνησκόντων
687 4343 811 4393 inauditos.
822 4345 928 4394 Primum
973 4355 1071 4406 pueros,
1088 4346 1113 4393 et
1123 4343 1268 4406 exponendis
1284 4345 1448 4394 interfuerant.
1467 4344 1512 4392 llio
1527 4345 1555 4391 ut
1567 4343 1662 4392 atreum
1675 4355 1745 4408 aspa·

147 4425 210 4485 mgis
220 4421 386 4470 ministrorum
402 4421 508 4470 Faustuli
522 4423 546 4470 et
558 4421 673 4469 Larentiae
690 4419 811 4470 essesslios
822 4435 865 4470 nos
877 4422 928 4482 opi·
974 4421 1025 4480 xit,
1046 4423 1142 4484 agnovit
1160 4435 1216 4472 aum
1228 4436 1258 4471 ex
1274 4423 1350 4471 torma
1360 4424 1385 4471 et
1399 4421 1487 4481 literis,
1503 4431 1603 4482 remque
1613 4420 1746 4484 umplclona

147 4500 286 4548 uniamur:
302 4497 390 4557 garritui
405 4499 486 4546 artem
497 4509 590 4546 sumus.
606 4499 696 4545 verum
708 4497 736 4546 ut
747 4495 851 4546 accusati
866 4495 930 4560 apud
973 4497 1063 4562 attigit;
1074 4512 1145 4562 quarn
1156 4513 1204 4548 non
1213 4499 1317 4560 neglexit
1332 4497 1372 4546 sed
1385 4498 1478 4558 epemit
1486 4497 1547 4557 regi,
1557 4497 1582 4544 ot
1590 4495 1621 4545 ad
1633 4499 1747 4558 pinsito-

146 4581 175 4625 ιιι
186 4587 273 4626 τουτον
281 4573 434 4624 adomnia
445 4573 602 4622 circumventi
611 4571 657 4633 ,de
665 4573 715 4621 vita
725 4574 750 4622 ut
760 4575 928 4636 periclitamur,
974 4589 1029 4624 nom
1044 4577 1147 4626 vocarit.
1159 4576 1241 4626 'rantis
1249 4577 1274 4626 at
1286 4577 1336 4624 tam
1348 4575 1429 4623 multis
1444 4573 1621 4622 circumuentus
1635 4573 1747 4636 perieulis

148 4655 214 4703 mira
231 4653 264 4702 da
280 4653 353 4702 nobis
369 4651 500 4713 aanptmuo
513 4671 519 4700 ι
532 4653 627 4700 certano
637 4652 698 4711 sint,
717 4664 819 4713 prnesens
835 4653 930 4702 uidetur
975 4654 1102 4702 Faustulum
1110 4665 1158 4702 non
1166 4653 1264 4702 omnino
1273 4651 1370 4714 quidem
1376 4651 1491 4699 intractus
1499 4649 1574 4711 autu,
1582 4663 1660 4713 neque
1666 4652 1747 4701 omnia

147 4731 285 4791 minium
301 4730 465 4802 decreturum.
479 4731 565 4778 Partus
579 4729 642 4778 enim
654 4731 748 4779 nostros
763 4733 865 4781 secretos
880 4745 930 4782 assa
973 4733 1053 4780 tamen
1063 4741 1173 4791 exproesa
1183 4729 1205 4778 ei
1214 4731 1286 4778 sunt:
1304 4739 1389 4789 pueros
1400 4727 1463 4776 anim
1474 4726 1620 4776 Ntetur'ome
1636 4729 1755 4789 superstlss'

146 4810 249 4870 aima,
261 4807 817 4858 tmanatalaetlaoutlonernlnlautlnmetlem
826 4809 931 4860 inaximo
974 4810 1025 4867 ras,
1042 4807 1083 4856 sed
1095 4807 1179 4868 procul
1198 4806 1257 4856 Alba
1266 4817 1363 4867 passam
1374 4823 1379 4854 ι
1397 4804 1494 4853 alveum
1512 4817 1537 4853 se
1550 4803 1580 4854 ad
1593 4805 1659 4857 litam
1671 4805 1756 4854 latnnr'

146 4887 270 4936 insolitam
283 4903 289 4934 ι
304 4883 475 4934 ετσιπιίισει
492 4883 565 4944 term,
582 4883 878 4946 qulbosobjeotleramus‚
893 4886 930 4935 lua
975 4885 1089 4944 ire,qum
1098 4882 1130 4930 ob
1140 4883 1265 4931 certiorem
1275 4881 1305 4930 da
1316 4881 1395 4930 liberis
1404 4879 1748 4943 spemrldaraetoontreotam
1786 4943 1789 4949 Α

147 4971 196 5008 σω
212 4961 364 5020 mutarunt,
382 4961 440 5022 lupa
460 4959 585 5020 obermus,
598 4962 622 5009 et
642 4961 708 5022 pisus
718 4961 818 5010 Martius
835 4962 932 5012 minutia
975 4973 1031 5008 erun
1047 4971 1109 5021 saepe
1124 4959 1239 5020 cupierat.
1254 4958 1329 5018 igitur
1345 4958 1370 5006 id
1390 4957 1455 5019 qnod
1473 4971 1517 5006 usn
1534 4959 1614 5005 rantra
1630 4959 1756 5019 porpirio*

147 5036 260 5099 M,
270 5035 530 5100 mnagnnmnnrlnn
539 5035 563 5084 ln
572 5037 640 5086 atreo
650 5037 759 5104 soleatos.
768 5039 850 5088 exsut
859 5037 931 5090 etiam
976 5037 1048 5096 solet,
1061 5038 1084 5086 ei
1096 5035 1192 5096 illisqui
1210 5036 1348 5086 maturaret
1365 5035 1424 5084 iram
1438 5036 1464 5082 in
1475 5033 1747 5094 oonsilirna‘arlatlreot,
