3886 5740
914 329 1158 390 i‘ttofiiissdta.
1686 331 1742 382 ors

509 464 555 522 ιδ,
962 449 1062 528 μίνων,
1071 450 1106 514 ώς
1119 446 1222 527 χαλάζῃ
1236 451 1268 525 τῇ
1283 445 1433 524 πυκνοτάτῃ
1443 443 1623 524 προσεοικέναι
1635 442 1703 504 κατά
1715 444 1745 502 τδ

966 535 1112 608 ἐπάλληλον
1126 538 1171 606 ιη”ς
1188 543 1278 615 φορᾶς.
1323 535 1354 610 (a)
1370 531 1444 594 Οίδί
1458 556 1488 612 γε
1496 531 1559 592 τίσω
1570 537 1616 592 τοῦ
1629 531 1741 606 άστεως,

179 638 248 694 Ero.
263 637 306 690 De
319 641 478 708 stantegenr.
492 651 518 687 c.
535 634 571 688 IV
586 627 642 688 Ἐκ
655 631 720 686 τῶν
735 625 918 694 Δεξίππου.
965 624 1031 702 σροίς
1045 646 1072 682 τε
1085 619 1177 690 αὐτούς
1187 621 1256 682 κατά
1265 621 1295 682 τὸ
1310 621 1417 680 δυνατὸν
1429 619 1474 678 καί
1489 620 1520 678 τὸ
1532 627 1618 700 τεῖχος
1632 621 1745 701 ἐφύλασ·

142 719 328 802 Πολιορκία
341 716 676 798 Μαρκιανουπόλεοις.
965 735 1024 772 σον·
1044 713 1153 790 ἀπεῖχον
1168 709 1195 770 δὲ
1209 715 1255 770 τοῦ
1277 709 1439 787 ἀμύνεσθαι,
1456 701 1524 788 ᾗπερ
1543 710 1630 776 αὐτοῖς
1650 732 1746 787 προσε-

181 805 427 887 Μαρκιανούιτολιν,
438 805 469 865 τὸ
492 803 520 864 δδ
540 805 623 880 ὄνομα
637 807 770 884 Τραϊανοῦ
782 809 830 862 τοῦ
845 809 919 882 βασι-
966 799 1086 860 τίτακτο.
1104 799 1134 877 (7)
1153 796 1245 864 ‘dett
1265 800 1309 857 ἀπ’
1325 795 1409 856 σιἰδενί
1418 797 1486 876 ἔργῳ
1498 797 1615 876 λαμπρῷ
1626 794 1644 866 ἥ
1654 819 1682 854 τε
1694 800 1746 854 τῶν

140 896 205 963 λε’ως
217 895 265 967 τὴν
286 892 401 973 ἀδελφὴν
422 891 590 952 ἐνδεδωκέναι
604 915 637 971 τη
660 891 736 949 πόλει
754 892 873 967 λέγουσιν
897 896 921 951 σί
966 887 1044 948 λίθων
1063 885 1175 957 ἐκενώθη
1189 895 1242 952 τοῖς
1254 884 1395 966 βαρύάροις
1407 883 1578 962 παρασκευὴ,
1602 884 1647 943 καί
1657 883 1747 944 δσαάκ

141 985 277 1065 ἐγχώριοι·
302 982 401 1053 ταύτην
423 981 455 1052 δὴ
481 971 526 1040 σ’ύν
539 980 587 1050 τὴν
599 979 675 1038 πάλιν
692 982 717 1038 σί
730 977 831 1040 Σκύθαι
845 984 879 1046 ὡς
889 980 921 1052 δὴ
965 973 1051 1056 χειρὸς
1062 970 1079 1044 ἢ
1090 973 1143 1033 ἀπὸ
1154 973 1228 1044 τάξσυ
1241 973 1364 1044 ἀκόντια,
1377 971 1396 1044 ἥ
1408 995 1436 1032 τε
1449 969 1523 1038 ίλπὶς
1535 975 1622 1039 αὐτοῖς
1640 978 1685 1031 τοῦ
1700 973 1747 1031 σὺν

139 1071 209 1132 κατά
230 1071 324 1150 κράτος
338 1068 473 1144 ἁλώσιμον
491 1059 558 1127 εἶναι
569 1067 735 1144 νομίσαντες,
750 1069 858 1146 ἀπεῖχον
874 1067 920 1145 μίν
967 1062 1051 1123 σύδενλ
1066 1060 1139 1142 πόνῳ
1151 1061 1199 1134 τὴν
1219 1063 1295 1120 πάλιν
1310 1059 1428 1140 αἱρήσειν
1449 1059 1582 1132 ἀνάλωτο,
1602 1060 1700 1141 ἀθυμία
1714 1061 1746 1132 δὴ

139 1157 256 1230 τῆςεῦθθ
271 1157 532 1237 προσύολῆς,λίθσυς
548 1155 576 1216 δὲ
599 1154 638 1214 δτι
653 1155 789 1220 πλείστους
802 1155 921 1236 παρερί-
967 1149 1083 1230 εἴχοντο,
1109 1151 1220 1210 καὶτῶν
1241 1152 1395 1230 στρατηγῶν
1415 1149 1634 1208 ἀνακαλεσάντων
1660 1149 1747 1228 ἀπῃτ-

141 1271 200 1327 ρουν
214 1246 266 1328 πρὸ
279 1251 326 1306 τοῦ
340 1245 525 1326 τειχίσμστος,
535 1247 571 1311 ὡς
586 1243 669 1323 χύδην
681 1241 727 1302 καί
742 1243 859 1320 σωρηδὸν
873 1268 921 1303 κα·
968 1261 1027 1310 σαν,
1037 1241 1067 1298 οῦ
1076 1239 1167 1319 πόρρω
1181 1243 1228 1310 τῆς
1236 1239 1336 1303 πολιαις
1350 1235 1398 1308 τὴν
1409 1235 1610 1314 στρατοπεδείαν
1622 1238 1749 1315 ποιούμε-

139 1335 321 1412 τανενημάνσις
335 1334 450 1416 ἀρθάνως
461 1333 589 1414 ὑπάρχειν
602 1337 730 1412 χρῆσθαι·
742 1332 773 1408 (ε)
780 1331 862 1412 ᾤοντο
871 1332 922 1414 γάρ
967 1349 1019 1384 tot·
1034 1327 1079 1386 ant
1089 1326 1139 1405 γάρ
1151 1317 1182 1397 ἦν
1192 1329 1239 1396 τῆς
1252 1322 1322 1403 ὧρας
1336 1323 1403 1404 ἀμφὶ
1422 1323 1497 1394 ἡλίου
1513 1324 1623 1400 δυσμάς.
1639 1327 1671 1402 (ει)
1683 1331 1748 1386 Δια-

142 1423 219 1504 ρύνσν
244 1447 272 1482 τε
290 1421 373 1482 πολύν
387 1422 431 1481 ἰπὶ
454 1427 499 1480 τοῦ
520 1421 621 1502 τείχους
634 1420 702 1480 οῦτω
722 1419 920 1496 συμῦήσισθαι,
966 1411 1268 1492 λῑπύνῖῑςδάἧμὲραιθῦ
1281 1411 1355 1487 poto
1370 1409 1468 1489 συχνὰς
1481 1410 1527 1468 καὶ
1542 1411 1691 1480 ἷπῑδθύντῑε
1703 1404 1749 1472 αὖ·

141 1511 187 1570 καί
200 1514 251 1569 τῶν
266 1510 400 1588 πολεμίων
416 1512 442 1568 ἐν
453 1512 491 1591 τῷ
504 1508 682 1588 φυλάσσεσθαι
700 1511 800 1586 μᾶλλον
816 1507 834 1580 ἢ
847 1511 923 1590 ἀντῷ
967 1505 1004 1566 θῑι
1015 1499 1061 1558 καλ
1075 1498 1240 1580 περιστύντῐι
1253 1499 1281 1556 ἓν
1295 1496 1384 1576 κύκλῳ
1396 1496 1426 1556 τὸ
1439 1501 1525 1576 τεῖχος
1539 1497 1748 1580 ἠερσῦολίζοντο·

140 1599 280 1679 ἐπιχειρεῖν
292 1597 386 1674 ὄντοιν,
400 1597 519 1679 ρρστώνῃ
532 1597 661 1669 τὴνπολιν
675 1597 801 1676 αἱρήσειν.
818 1597 848 1674 (α)
861 1601 922 1666 Τοῖς
967 1587 1011 1646 ὅτε
1021 1588 1053 1660 δὴ
1068 1587 1191 1664 Μάξιμος
1204 1593 1256 1650 τοῖς
1270 1587 1297 1643 3⁹
1309 1587 1346 1666 rip
1363 1585 1437 1643 ἄστει
1452 1583 1542 1664 καιρὸν
1552 1577 1618 1644 εἶναι
1635 1591 1682 1658 τῆς
1693 1591 1749 1646 ἐπιὲ

141 1685 338 1766 δλάντῷάστει
354 1685 439 1746 πάλαι
453 1709 481 1744 τε
495 1685 695 1766 παρεσκεύαστο
706 1685 755 1744 δσα
769 1687 804 1752 εἰς
817 1687 922 1764 πσλιορ-
968 1675 1063 1743 tirso<
1077 1675 1260 1752 ἀπηγγὲδλῑῖθ·
1305 1674 1337 1750 (9)
1355 1671 1460 1732 mm*
1474 1671 1506 1744 δὴ
1519 1671 1603 1732 Οὕτω·
1618 1673 1664 1732 καί
1683 1677 1751 1732 ἅνα-

141 1769 201 1824 κίαν
222 1763 377 1842 ἀπιιήδεια,
402 1765 448 1824 καὶ
474 1763 610 1842 Μάξιμος,
631 1762 696 1843 ἀνὴρ
719 1763 790 1841 γίνσς
807 1763 854 1841 μίν
871 1767 923 1823 τῶν
970 1763 1148 1842 θαρρήσαντες
1172 1759 1215 1820 διδ
1238 1758 1287 1832 τὴν
1311 1763 1338 1820 ἀν
1361 1759 1527 1841 τῇπροτίρρ
1543 1763 1595 1820 τῶν
1611 1761 1752 1842 βαρῦάρων

142 1853 248 1936 ἀπύρων
262 1853 378 1929 μεταῦου
390 1853 405 1884 *
427 1851 566 1934 ριλοσορίρ
587 1851 615 1912 δδ
628 1852 680 1932 ἀρα
692 1855 785 1924 συζῶν,
805 1855 833 1912 οὗ
846 1851 923 1926 μόνον
970 1849 1105 1930 ἀπρακτον
1122 1847 1302 1930 ἀναχώρησιν,
1328 1846 1392 1927 βοήν
1410 1871 1439 1906 τε
1462 1840 1529 1926 ἦραν
1543 1849 1589 1907 καί
1609 1849 1693 1916 λίθους
1706 1849 1752 1908 καῖ

142 1945 309 2018 στρατηγοῦ,
326 1939 394 2000 ἀλλά
415 1939 460 1999 καί
481 1940 640 2019 στρατιώτου
656 1941 753 2015 ἀγαθοῦ
765 1937 829 2018 ἔργα
843 1942 870 1998 ἀν
886 1943 924 2020 τῷ
970 1939 1095 2016 ἀκόντια,
1108 1943 1143 2004 ώς
1156 1929 1238 2021 εἶχον,
1248 1935 1381 2014 μεθίεσαν·
1396 1937 1443 2014 (tn)
1459 1938 1581 2008 σίαδηοῦν
1593 1941 1697 1997 πυκνῶν
1706 1939 1752 1996 ἀλ-

142 2027 201 2088 τύτε
215 2027 318 2104 ἕτοιμος
331 2025 368 2086 ῶν
382 2028 581 2100 ἀπιδείκνυσθαι,
593 2025 750 2106 ἀπεθάρρυνί
761 2049 790 2084 τε
799 2027 924 2095 ίκάστους
967 2025 1057 2097 λήλοις
1068 2025 1248 2107 ἀφεστηκότων
1259 2027 1312 2084 τῶν
1326 2022 1470 2104 βαρῦάρων
1484 2023 1530 2083 καί
1542 2023 1585 2084 διδ
1596 2025 1627 2084 τὸ
1652 2028 1752 2106 ἀπροσ-

141 2116 188 2176 καλ
208 2117 338 2198 παρῄνει,
357 2115 390 2197 (ι)
405 2115 449 2174 dns
471 2115 503 2188 δὴ
518 2117 548 2174 ἐκ
569 2113 655 2195 χειρθς
673 2113 882 2195 ἀκροῦσλίζοιντο
900 2119 924 2174 οῖ
970 2113 1079 2185 δόκητον
1091 2120 1137 2174 τσῦ
1149 2112 1293 2172 ἀντίπαλον
1302 2111 1334 2172 δν
1347 2111 1435 2193 σφίσιν
1450 2111 1547 2172 ἀνωθίν
1558 2137 1583 2172 τι
1598 2115 1753 2186 ἀπαντῆσαι

143 2205 280 2281 πολέμιοι,
291 2210 337 2263 τοῦ
349 2201 495 2281 ἀμύνεσθαι
513 2202 690 2283 ἀπεχομίνους
710 2201 761 2260 ὑπὸ
775 2207 831 2270 ταῖς
843 2203 926 2263 ἀπάλ-
969 2201 1016 2260 οὐκ
1035 2203 1061 2269 ἀς
1071 2201 1103 2260 τὸ
1114 2201 1221 2283 άκριάῖς
1234 2201 1435 2282 περραγριίνων,
1446 2201 1527 2280 [πρὸς
1545 2200 1572 2260 δί
1591 2201 1636 2260 καλ
1649 2202 1753 2282 ἀθρόαις

142 2291 211 2361 ξεσιν
227 2291 385 2368 ίσταμίνσυς
406 2289 476 2370 ἔχειν
497 2293 569 2372 σρῶν
583 2294 668 2350 αὐτῶν
690 2289 819 2370 φυλακὴν,
835 2289 882 2357 τάς
896 2313 925 2348 τε
970 2293 1028 2356 ταῖς
1055 2291 1160 2368 βολαῖς,
1185 2289 1232 2349 καλ
1248 2295 1331 2348 ταῦτα
1351 2291 1381 2349 ἐκ
1403 2289 1534 2370 μετεώρου
1555 2290 1752 2369 βαλλομένοιν,]

143 2379 257 2447 ἀσπίδας
268 2378 476 2460 προϊσχομένους
498 2377 543 2436 καί
558 2380 608 2437 ὅσα
627 2378 735 2437 δύναται
757 2377 857 2456 στέγειν
880 2377 925 2438 καλ
969 2376 1015 2435 καλ
1041 2376 1083 2436 διά
1098 2375 1129 2436 τὸ
1151 2379 1249 2449 πλῆθος
1267 2381 1319 2436 τῶν
1335 2377 1468 2449 ἐναντίοιν,
1490 2377 1549 2436 οὐδὲ
1566 2377 1699 2446 ἐθίλοντας
1721 2371 1755 2450 ἦν

145 2464 340 2546 ἀποκρούεσθαι
354 2463 401 2531 τάς
415 2469 467 2524 τῶν
480 2465 602 2524 ἀναιτίων
618 2465 708 2545 βολάς.
723 2463 757 2544 (ε)
773 2464 819 2532 Ὡς
828 2464 855 2522 dt
868 2466 925 2523 ῖκα·
970 2465 1100 2545 ἁμαρτεῖν
1111 2465 1172 2532 τσθς
1183 2465 1237 2523 ἀπὸ
1251 2463 1359 2531 ιίστευις.
1402 2466 1446 2542 (τι)
1461 2463 1616 2540 Βιαζύμινσι
1631 2463 1662 2536 δὴ
1673 2455 1716 2524 σῦν
1730 2467 1754 2524 σί

144 2559 193 2622 νῶς
207 2555 277 2633 ἀχειν
291 2553 374 2614 ίδύκει
387 2554 441 2619 τοῖς
465 2553 605 2633 βαρύάροις
619 2558 665 2624 τῆς
681 2557 732 2612 τῶν
745 2553 824 2611 λίθοιν
836 2575 924 2632 παρα·
971 2553 1072 2612 Σκύθαι
1086 2551 1182 2630 καὶμὴ
1201 2553 1326 2632 ἀντιδρᾶν
1340 2551 1441 2631 ἔχοντες
1454 2551 1513 2620 τοῦς
1526 2552 1647 2626 Μυσοὺς,
1667 2551 1710 2612 διά
1727 2575 1755 2611 τε

145 2641 355 2721 σαινῆς,ἀθρύοι
376 2639 558 2720 περιχυθίντες
577 2643 603 2700 ἀν
626 2641 716 2720 κύκλῳ
729 2640 759 2698 τδ
780 2649 880 2718 τεῖχος,
901 2643 925 2698 οἱ
970 2640 1017 2707 τάς
1034 2639 1153 2708 ἀπάλξεις
1172 2639 1219 2698 καί
1239 2639 1287 2709 τὴν
1310 2642 1340 2698 ίκ
1367 2643 1419 2698 τῶν
1439 2643 1522 2718 θυρῶν
1542 2663 1604 2720 καιρ
1638 2637 1754 2714 υλακὴν,

146 2728 195 2806 μίν
203 2729 312 2788 ἀκόντια
328 2727 461 2804 μεθίεσαν,
475 2731 499 2786 σῖ
513 2728 541 2786 δὲ
555 2728 634 2791 λίθοις
655 2727 854 2808 ἠκρούολίζοντσ
867 2727 926 2794 τοῦς
972 2728 1176 2808 ἀπαγορεύοντες
1192 2727 1256 2805 πρὸς
1268 2727 1315 2793 τὰς
1327 2727 1447 2804 πληγάς,
1461 2727 1506 2786 καί
1518 2731 1552 2794 ὡς
1567 2731 1613 2788 οὗκ
1643 2730 1755 2794 ναῦτσῒς

144 2818 187 2877 tsi
201 2819 253 2875 τῶν
262 2815 406 2887 ἀπάλξεοιν,
420 2814 464 2874 καλ
477 2814 598 2895 συνεχείρ
610 2813 760 2897 [ἐχρῶντο]
773 2815 825 2872 τῶν
837 2819 918 2890 prono
971 2815 1117 2896 περαιτέρω
1130 2815 1275 2895 καρτερεῖν,
1287 2814 1459 2893 ἀνεχώρησαν
1472 2813 1613 2892 ἀπρακτοι.

267 3015 271 3022 -
332 2977 384 3036 DE
402 2977 524 3038 BELLO
540 2976 739 3036 sciiTfflco.
972 2981 1047 3032 irritas
1064 2985 1117 3032 orat
1135 2985 1161 3032 at
1180 2981 1341 3046 oontinnitas‚
1359 2983 1388 3032 ut
1406 2981 1515 3044 grandini
1532 2980 1679 3030 donsisstnrno
1695 2982 1756 3030 toret

973 3059 1152 3122 &quipp-mig
1186 3060 1220 3122 (ε)
1233 3058 1352 3122 oppidani
1363 3071 1421 3108 raro
1440 3060 1467 3108 et
1481 3071 1578 3108 mnrrrrn
1592 3061 1617 3108 ot
1636 3059 1756 3121 seipsos,

517 3119 557 3170 ιε.
972 3139 1091 3200 quantum
1108 3135 1351 3199 ιιωιιοιυοιειιε,
1369 3136 1449 3186 τοίνυν
1466 3135 1756 3199 οισεθθωῑιινιῠευ·

208 3259 251 3308 πε
263 3259 375 3320 ιιιιιιρρι
391 3259 518 3308 aisono.
537 3256 638 3307 orooro
654 3257 864 3318 ιιινιιαιιροιιι.
972 3212 1758 3355 ffiuffiffiffljffluggffifflffp'affi

175 3369 346 3434 idarniaoopoii
365 3371 419 3420 urbi
436 3385 452 3420 a
467 3371 564 3433 ‘trajani
582 3371 732 3434 imperatoris
750 3383 832 3420 sorore
853 3375 927 3422 dior-
973 3369 1122 3434 reliquorum
1141 3370 1211 3432 copia
1234 3370 1423 3432 tuorumque
1439 3382 1514 3418 mann
1530 3369 1757 3420 reinonemittun·

144 3449 188 3499 cto
199 3445 459 3498 nomoninditnnrnsso
470 3447 687 3511 indigonradtount.
721 3449 790 3497 iinon
803 3449 874 3511 igitur
887 3461 929 3496 nr·
974 3452 1023 3510 tur,
1039 3451 1157 3500 arianusta
1168 3449 1585 3512 Soytirisoesent‚atqnospoaurbis
1599 3449 1759 3500 nniioiaboro

146 3526 201 3575 bom
213 3535 288 3586 qnnnr
303 3523 327 3572 ri
343 3526 395 3588 oapi
414 3538 483 3588 posse
499 3525 595 3587 soytirno
606 3523 643 3588 (t.
653 3538 676 3574 τ.
698 3525 772 3576 orior
782 3525 930 3590 >puniens
974 3529 1096 3590 capiendo
1109 3529 1254 3590 evanuisset,
1266 3527 1414 3590 despondere
1425 3527 1518 3580 animos
1531 3531 1666 3594 emporunt.
1678 3534 1759 3588 Quaro

145 3613 195 3654 non
206 3601 322 3650 nontinuo
338 3603 456 3653 tamenin
474 3615 558 3654 muros
573 3603 689 3664 impetum
706 3603 827 3664 ίσοοεοιιε,
844 3615 930 3655 rernm
973 3603 1099 3656 adnoibus
1109 3605 1212 3656 revocati
1223 3605 1495 3667 abierunt,naoprooui
1507 3605 1538 3655 ab
1551 3605 1611 3656 urbe
1619 3610 1698 3658 onstrn
1707 3621 1758 3658 ine·

146 3682 238 3746 iapida
251 3681 444 3746 qnarnpturirnoo
460 3681 518 3730 anto
537 3681 627 3730 rnoenis
638 3679 810 3742 οοιιιιεῖεεοιιε,
821 3680 865 3742 qni
879 3693 931 3743 pao
974 3683 1018 3732 tati
1027 3684 1157 3745 suntzjnnr
1168 3681 1273 3734 animari
1285 3681 1416 3732 donandios
1426 3683 1756 3746 vergebat,soiooooidento.

146 3760 192 3810 rim
201 3759 381 3822 soarrntiorque
391 3757 507 3808 onnrutati
517 3757 608 3819 isrganr
619 3755 702 3808 usibus
712 3757 806 3820 oopiaar
817 3759 931 3822 suppodi-
976 3765 1011 3822 (8)
1029 3763 1173 3814 intorrnissis
1185 3761 1273 3814 deindo
1291 3761 1377 3814 diebus
1396 3761 1461 3812 haud
1478 3763 1512 3812 ita
1537 3765 1635 3826 inuitis,
1653 3765 1683 3815 do
1694 3779 1759 3814 πονο

146 3843 233 3892 tnront
268 3840 303 3904 tn)
312 3839 406 3892 Etenim
417 3837 578 3899 opinabantur
587 3835 932 3890 atoaednninnoenihosoot·
974 3841 1115 3904 aggrasatao
1132 3854 1230 3892 urorum
1247 3842 1355 3905 undique
1372 3841 1583 3903 circumsistentes,
1596 3843 1759 3894 volitationem

147 3917 282 3966 locatorum
292 3917 411 3980 ingantorn
422 3927 450 3966 oo
458 3913 530 3966 modo
541 3915 662 3976 suturam,
671 3917 696 3966 nt
707 3913 853 3966 hostibrrsad
864 3918 932 3966 tuan·
975 3920 1146 3972 instaurarunt.
1158 3923 1221 3970 'turn
1235 3933 1293 3970 rsro
1310 3921 1429 3970 tissimus
1440 3919 1522 3970 adosse
1533 3921 1658 3984 oppidanis
1664 3923 1760 3972 nuntiat

146 3997 206 4046 durn
231 4009 257 4045 aa
274 3996 339 4060 ipsos
360 3994 436 4066 inagis
452 4006 527 4056 quam
547 3993 577 4042 nd
597 3993 782 4057 aggrediendum
798 3995 933 4046 oisossoros
976 3997 1139 4061 propugnandi
1159 3998 1234 4048 hostis
1257 3997 1472 4060 opportunitatum.
1501 3999 1624 4058 (utigitur
1642 4000 1759 4062 impotnnr

147 4075 259 4136 intentis,
287 4074 371 4124 urbem
396 4085 422 4122 ιτ
452 4073 516 4122 taciti
540 4073 635 4134 nogotio
664 4076 843 4136 expugnaturos
871 4087 931 4124 osso.
977 4076 1123 4138 iaoirrnt,ao
1135 4075 1247 4124 idaciani
1260 4079 1410 4126 monentes
1418 4089 1505 4137 arao,
1517 4077 1582 4138 qnod
1596 4077 1620 4126 in
1631 4076 1706 4140 priori
1714 4091 1759 4138 ag·

150 4153 184 4216 (3)
203 4150 321 4214 oppidani
339 4162 397 4198 roro
411 4149 461 4211 lam
473 4151 544 4198 antea
554 4160 716 4210 quaeournquo
736 4147 766 4196 nd
784 4147 932 4198 ohsidionem
975 4155 1095 4214 grossiore
1109 4154 1204 4204 barbari
1223 4167 1249 4204 ro
1269 4154 1356 4204 inioota
1368 4157 1529 4216 rounssorant,
1549 4155 1646 4206 subiato
1654 4155 1761 4206 oinnroro

150 4227 314 4280 sustinendam
334 4226 466 4276 noonssaria
481 4227 560 4274 orsont
574 4226 761 4286 apparaverunt.
772 4227 845 4285 atque
854 4225 932 4274 Maxi·
977 4231 1072 4292 betiico,
1084 4231 1174 4294 lapidos
1185 4234 1210 4282 et
1223 4231 1304 4292 jnouta
1324 4235 1397 4294 prout
1408 4231 1511 4295 quisquo
1527 4233 1621 4294 potarat
1633 4236 1724 4283 tonnano
1735 4235 1759 4282 in

101 4351 108 4368 ,
150 4319 219 4364 nans.
231 4306 269 4354 rir
279 4317 366 4367 genero
375 4303 473 4366 quddam
489 4315 503 4351 ο
517 4315 650 4365 pauperum
663 4303 692 4363 (i)
702 4301 790 4350 tamilla
802 4301 928 4364 oriundus,
977 4309 1070 4358 irostrm
1079 4309 1225 4372 intorquent.
1239 4308 1288 4368 (to)
1305 4308 1506 4372 videiioatquum
1515 4309 1616 4359 contorti
1630 4312 1655 4360 at
1665 4311 1760 4372 congio-

149 4383 236 4434 stndiia
251 4393 311 4431 roro
324 4379 481 4443 pidiosoptrioe
492 4379 633 4440 innutritus,
646 4391 695 4428 non
706 4377 784 4428 solum
797 4377 866 4428 ducis
877 4392 932 4428 nau·
976 4386 1026 4436 bati
1034 4385 1237 4439 interpenabant
1253 4385 1384 4448 adstarent,
1396 4389 1421 4436 es
1437 4389 1573 4452 proptera,
1584 4387 1650 4450 quod
1658 4387 1760 4450 daupei·

148 4459 271 4524 nero,sod
283 4460 355 4510 oum
373 4459 457 4508 militis
473 4455 559 4520 ogregii
579 4455 659 4506 officio
666 4455 735 4534 iungi
750 4459 809 4506 tuno
819 4461 932 4522 paratus,
977 4466 1062 4516 trostiio
1079 4464 1193 4528 quiddam
1210 4465 1378 4516 iisrnnturunr
1396 4465 1496 4516 ruinius
1506 4466 1694 4528 aspectabant,
1705 4480 1756 4518 non

148 4542 243 4594 nnirnos
251 4539 399 4602 singulorum
409 4538 515 4602 erigebat
528 4542 553 4588 et
566 4535 740 4600 oonfirmabnt‚
753 4551 842 4602 eosque
853 4537 931 4590 horta·
975 4543 1034 4592 satia
1043 4555 1144 4606 corpora
1152 4541 1304 4598 mantissam,
1312 4541 1517 4608 [monemur
1526 4543 1618 4594 crebris
1631 4543 1718 4592 iniibus
1735 4547 1760 4594 rt

149 4620 231 4679 batur,
240 4619 272 4682 (i)
282 4616 385 4678 nt,dunr
395 4617 489 4666 eminus
496 4615 575 4668 hostes
582 4617 754 4680 jacularentur,
765 4615 808 4678 ipsi
818 4629 832 4666 n
844 4630 932 4680 propu·
976 4619 1074 4682 quidarn
1085 4617 1188 4682 dssuper
1202 4616 1364 4680 [ναιετοώσῃ]
1375 4615 1570 4680 deniqnaingsns
1585 4621 1647 4670 assat
1656 4619 1760 4670 hostiurn

149 4693 406 4762 gnnndoab'stinoreut‚
419 4693 635 4744 sedruerenturae
647 4692 725 4758 pinnis
735 4707 860 4744 murorum
880 4708 933 4744 sou·
977 4696 1125 4748 multitudo:
1145 4695 1197 4746 dori
1219 4695 1318 4744 omnino
1327 4707 1375 4744 non
1389 4695 1478 4758 potuit,
1492 4699 1521 4746 ut
1529 4695 1566 4748 rei
1580 4695 1760 4758 roiantosoppi·

149 4775 229 4837 tisque
238 4775 369 4837 protentis,
378 4777 402 4826 et
411 4775 430 4824 si
440 4775 528 4838 quibus
537 4775 590 4824 aliis
598 4773 686 4823 muniri
696 4786 828 4838 corporane
838 4773 932 4822 rotundi
976 4775 1033 4824 dani
1042 4773 1138 4824 irritum
1146 4773 1221 4822 ιεῖοιιι
1230 4769 1327 4834 aliquod
1338 4772 1483 4824 omitterent.
1508 4775 1530 4836 (t
1537 4775 1559 4834 ι)
1572 4776 1609 4824 ita
1616 4787 1693 4838 gnum
1703 4779 1760 4837 sty-

150 4851 257 4900 hostium
269 4851 366 4902 missilia
378 4854 480 4916 possent.
494 4851 529 4916 (ε)
540 4854 594 4902 Jarn
604 4851 645 4899 ubi
655 4851 761 4914 tapidum
772 4851 866 4914 ooptnrn
878 4853 930 4900 siri·
977 4853 1026 4904 tisae
1047 4851 1240 4916 opprimerentur
1255 4853 1280 4900 ot
1299 4863 1342 4912 por
1359 4850 1411 4912 pari
1435 4851 1509 4912 ursis
1525 4851 1615 4904 rom
1631 4852 1760 4914 noquknnt

150 4929 271 4978 iioientom
290 4942 443 4980 ooaooruassa
458 4929 502 4978 sibi
514 4929 610 4991 Scythen
632 4927 782 4991 ridebantur,
806 4929 932 4978 oooiertirn
976 4929 1074 4990 proptor
1093 4926 1220 4991 pinnarum
1238 4924 1357 4976 ιιιῖειειῖιιε
1371 4929 1546 4990 morumque
1556 4927 1763 4992 prutdnoppror·

149 5007 214 5056 oirca
223 5007 311 5056 rnoenia
319 5005 458 5056 circumfusi
467 5007 553 5070 partim
562 5005 647 5066 innotis
656 5007 742 5068 partim
752 5005 870 5069 lapidibus
880 5008 932 5056 coi·
976 5003 1284 5066 tunntntontossodiuttus
1292 5006 1759 5069 nonpoasaiutrrssnrtinaro‚roinios·tn

151 5085 242 5134 tornatos
250 5081 275 5132 in
287 5083 470 5148 propugnaculis
481 5084 609 5148 petebant,
620 5085 735 5147 tantaque
747 5083 872 5133 missiiiurn
882 5098 932 5134 ore·
976 5085 1148 5135 adunarunt

1640 5177 1673 5220 it·
