3974 5732
47 3193 54 3208 ¹
168 3187 253 3258 hujus
272 3187 394 3242 auctoris
417 3186 606 3241 testimonium
626 3183 730 3241 adduci
754 3185 861 3242 censuit
880 3189 946 3243 Nie-

788 357 1034 418 retenturi.
1718 371 1748 422 tt
1761 373 1769 421 t

172 485 287 546 ι’δόιιουν.
300 485 440 566 Τοιγάρτοι
460 484 582 564 ἄρξαντες
596 487 625 543 οὐ
644 485 701 543 itas
716 484 840 544 ἐλάττονα
860 486 952 566 χρόνον
996 511 1080 566 quam
1095 494 1169 548 Medi
1185 495 1252 550 olim
1268 505 1431 568 regnarunt.
1446 497 1515 549 Nam
1531 494 1607 549 Medi
1622 507 1776 568 regnarunt

171 578 224 633 τῶν
239 573 340 646 Μήδων
349 573 389 630 ὅτι
402 572 440 650 μὴ
452 571 519 631 ἑπτὰ
527 572 597 631 έτισι
607 571 697 631 δέοντα
714 574 882 650 (πειστέον
893 575 951 656 γὰρ
995 583 1074 636 annis
1085 581 1142 635 Ἰοῦτ
1157 579 1234 656 (aba
1245 614 1282 622 -
1293 581 1348 647 alib
1358 601 1422 652 :7
1432 581 1452 657 l.
1467 607 1478 630 ν
1490 584 1545 651 Sic,
1558 591 1641 656 prato,
1655 584 1776 638 Alexan-

173 665 343 720 κάνταῦθα
363 663 405 741 τῷ
426 658 658 740 Πολυθστορι),
676 663 702 727 ἐς
724 666 845 720 τοσοῦτον
860 661 892 734 δὴ
908 655 952 721 οῦν
996 669 1057 725 der.
1078 670 1207 743 Agathias
1219 687 1253 723 co
1268 673 1393 742 peccarit
1406 669 1484 744 quod
1499 671 1527 723 in
1542 671 1655 725 calculis
1666 671 1774 725 subdu-

172 748 365 830 κροτήσαντες,
383 747 527 826 ΙΙαρθυαῑοέ
550 769 580 825 γι
602 747 707 819 αὐτοὺς,
731 747 800 815 ἔθνος
823 751 952 821 κατήκοον
996 757 1091 811 cendis
1101 757 1245 829 profectus
1259 767 1299 811 cst
1313 758 1348 812 ab
1363 760 1441 812 annis
1454 756 1523 826 300,
1538 775 1609 830 qnos
1623 759 1653 811 in
1668 747 1772 816 antecc'.

171 837 218 895 καλ
230 836 329 908 ἥκιστα
340 839 367 894 ἐν
382 839 419 914 τῷ
438 835 490 914 πρὸ
502 831 549 894 τοῦ
567 835 786 912 ὀνομαστότατον,
802 838 952 917 παρέλυσαν
996 845 1085 900 Medis
1094 844 1288 918 assignaverat.
1304 843 1462 900 Alexander
1472 845 1493 898 si
1508 845 1545 898 ita
1555 846 1700 914 statuisset,
1713 865 1775 919 per-

172 929 219 992 τῆς
231 926 315 1004 ἀρχῆς
329 921 388 988 τοθς
400 920 563 1000 Μακεδόνας.
583 924 636 983 Καὶ
651 914 706 982 εἶτα
719 925 810 983 ἐκεῖνοι
820 929 871 984 τῶν
885 925 952 985 ὅλοιν
996 931 1107 1003 ineptus
1121 931 1208 985 homo
1230 931 1317 1000 soret,
1334 942 1361 986 et
1376 947 1461 1004 quem
1477 941 1536 986 erat
1544 929 1652 1002 junior.
1665 935 1775 990 Deinde

173 1011 244 1083 sciris
260 1010 396 1089 Αἰγύπτου
408 1014 533 1087 ἡγοῦντο,
549 1009 676 1088 Ἀρσάκου
701 1009 747 1088 μὲν
768 1011 892 1092 πρότερον
906 1017 952 1084 τῆς
996 1017 1083 1088 quum
1094 1019 1282 1074 Macedonum
1292 1037 1409 1092 regnum
1421 1018 1457 1074 sd
1466 1037 1569 1074 annum
1577 1031 1703 1092 exputat,
1711 1021 1774 1093 jure

173 1099 344 1165 ἀποστάσεως
359 1095 526 1176 ἀρξαμένου,
542 1099 578 1165 ὡς
592 1097 638 1155 καλ
653 1097 806 1178 Ἄρσαιιέθας
819 1099 877 1167 τοὺς
893 1103 952 1176 μετ’
995 1107 1168 1177 postulamus
1181 1107 1264 1161 ctiam
1286 1107 1437 1162 Medorum
1453 1115 1595 1179 tempora,
1619 1126 1653 1162 ex
1674 1111 1775 1181 quibus

174 1187 254 1268 σι’ρτθν
271 1185 460 1262 ὀνομάζεσθαι,
481 1183 642 1260 Μιθριδάτου
655 1185 683 1244 δὲ
700 1188 730 1245 οὗ
744 1181 834 1269 πολλῷ
848 1188 952 1270 ὕστερον
996 1191 1101 1264 pendet
1115 1194 1184 1248 alter
1193 1203 1354 1267 computus,
1365 1203 1493 1248 accurate
1504 1193 1586 1248 ssime
1596 1195 1707 1263 tradita,
1716 1215 1774 1252 non

173 1277 199 1339 ἐς
219 1273 288 1350 μέγα
306 1297 332 1332 τι
354 1271 427 1338 ulto<
446 1271 477 1330 τὸ
500 1272 656 1350 Παρθυαίων
678 1273 759 1351 ὄνομα
783 1273 949 1352 έξενιγιιότος.
996 1297 1066 1334 vcro
1081 1280 1202 1336 indicata
1216 1297 1335 1336 esseore
1349 1281 1475 1335 rotundo
1489 1283 1621 1354 vagisque
1636 1283 1711 1342 illis:
1729 1281 1774 1353 ἔτη

172 1359 544 1438 Ἓθδομήαονταθλέτῶνῆθη
554 1360 597 1418 ἐπὶ
607 1359 951 1442 δίααοσέοιςπιιρωχηκότοιν
996 1365 1026 1420 οὐ
1039 1367 1110 1438 μεῖον
1132 1363 1150 1434 ἢ
1166 1364 1302 1445 τριακόσια
1316 1365 1326 1442 (
1335 1367 1437 1440 quibus
1448 1368 1590 1423 Ctesianus
1610 1381 1773 1442 computus,

173 1448 227 1506 eat
238 1446 363 1527 Ἀρσάκου
376 1453 421 1505 τοῦ
432 1447 559 1526 προτέρου
574 1448 598 1512 ἐς
613 1447 768 1527 Ἀρτέθανον
782 1448 825 1507 τὸν
840 1449 951 1534 ἔσχατον
996 1469 1135 1508 annorum
1151 1452 1222 1523 315,
1237 1451 1336 1528 inest).
1360 1455 1511 1510 Probabile
1532 1456 1628 1530 igitur,
1652 1459 1774 1514 Alexan-

174 1535 303 1613 βασιλέα,
318 1534 397 1604 ἡνίκα
407 1531 440 1592 sd
457 1533 600 1609 Ῥωμαίων
611 1535 757 1614 πράγματα
771 1536 821 1594 ὑπὸ
834 1536 951 1606 ’Altiaia
996 1539 1080 1594 drum
1093 1559 1147 1614 pro
1164 1559 1245 1597 more
1259 1561 1310 1597 suo
1332 1541 1454 1597 diversas
1467 1542 1503 1597 de
1522 1541 1671 1598 Medorum
1686 1565 1774 1619 regno

173 1623 227 1701 θριρ
245 1625 283 1701 τῷ
295 1621 423 1696 napata<
436 1621 511 1678 παιδὶ
524 1620 679 1702 ἐτετάχατο,
693 1621 752 1680 κατ’
765 1622 890 1694 iaciendis
905 1629 951 1682 τοῦ
994 1630 1142 1684 sententias
1151 1631 1316 1702 protulisse,
1332 1645 1394 1684 eam
1405 1647 1489 1698 vero,
1502 1647 1557 1702 quo
1571 1631 1722 1686 Alexandri
1739 1634 1775 1688 de

174 1713 267 1788 καιροῦ
286 1709 317 1766 τὸ
332 1709 450 1788 Χοσρόου
470 1711 515 1766 τοῦ
530 1708 589 1767 καθ’
603 1714 673 1784 ἡμᾶς
688 1708 834 1787 βασιλεύειν
855 1705 952 1789 ἤρξατο
995 1715 1181 1772 Macedonum
1193 1719 1223 1770 iu
1234 1719 1296 1788 Asia
1307 1717 1483 1790 temporibus
1491 1719 1654 1790 supputatio
1666 1721 1773 1787 nititur,

173 1795 256 1873 γένος.
995 1801 1031 1857 ab
1046 1805 1164 1876 Agatbia
1175 1803 1319 1858 confusam
1331 1821 1387 1858 esse
1397 1823 1461 1858 cum
1474 1805 1568 1860 altera.
1581 1807 1711 1860 Ceterum
1723 1825 1774 1860 an-

213 1885 248 1943 1n
268 1885 323 1940 hoc
344 1885 409 1940 loco
428 1901 512 1958 quam
532 1886 653 1940 maxime
667 1885 818 1941 offendunt
836 1889 921 1944 rerba
943 1906 950 1946 :
994 1908 1046 1944 nos
1060 1888 1116 1945 252
1128 1891 1218 1945 Medis
1232 1891 1349 1964 assignat
1361 1891 1473 1962 aequalis
1484 1891 1666 1965 Polyliistoris
1677 1895 1774 1949 Castor

170 1969 290 2030 πτιστόον
305 1968 356 2048 γὰρ
370 1971 501 2028 κάνταῦθα
515 1971 553 2050 τῷ
568 1963 724 2050 Πολυθστορι
737 1973 795 2030 κτλ.
813 1975 952 2032 Statuerat
995 1977 1123 2032 Rhodius
1145 1975 1188 2052 (v.
1212 1977 1311 2052 fragm.
1332 1979 1437 2034 Chron.
1462 1997 1492 2051 p.
1514 1980 1599 2058 ¹⁶⁰i3
1625 1983 1773 2055 Tigranem

171 2063 258 2134 igitur
270 2057 430 2116 Alexander
443 2059 602 2132 Polylsistor
614 2077 785 2116 successores
797 2063 951 2118 Alexandri
995 2082 1064 2119 vero
1086 2083 1161 2120 anno
1176 2065 1212 2135 87
1228 2083 1254 2120 a.
1271 2065 1302 2124 G.
1318 2066 1527 2120 Seleucidarum
1545 2085 1663 2141 regnum
1685 2087 1772 2123 occu-

172 2150 210 2204 M.
225 2147 265 2222 (i.
282 2167 307 2204 e.
324 2163 404 2220 reges
416 2143 517 2220 Syria)
532 2149 624 2203 Asiam
638 2149 756 2208 tenuisse
767 2160 874 2222 sertitem
886 2160 950 2204 tan·
994 2167 1146 2223 passerum
1160 2154 1263 2207 Nostro
1277 2153 1372 2206 statuit
1385 2153 1509 2208 lustinus
1522 2153 1582 2221 XL,
1594 2171 1603 2206 1
1624 2153 1681 2226 (Cl.
1696 2157 1774 2210 Clin-

172 2245 231 2290 tum
246 2237 326 2290 annis
345 2235 436 2289 minus
448 2251 531 2306 qnam
543 2234 643 2290 Medos
657 2237 737 2290 olim.
751 2236 840 2291 Medis
854 2239 883 2290 in
897 2255 950 2292 an·
995 2239 1097 2296 ton.P.
1115 2237 1149 2296 ll.
1167 2249 1236 2296 tom.
1255 2241 1312 2308 lll,
1326 2257 1354 2312 p.
1372 2239 1456 2314 340).

171 2335 243 2380 tecc.
266 2322 429 2378 tribuuntur
441 2323 505 2376 anni
523 2323 635 2376 circiter
647 2325 773 2380 trecenti.
789 2324 950 2380 &erundum

171 2411 230 2466 haec
242 2409 576 2482 Macedonesregnasscnt
588 2427 631 2464 an.
652 2407 708 2482 293
722 2409 880 2487 [θῦν-θρα.
894 2413 947 2488 (1.).
1233 2388 1323 2446 ΠΕΡΙ
1347 2387 1537 2447 ΙΟΥΔΑΙΩΝ·

171 2499 321 2554 Acrcvcra
330 2498 367 2551 ita
377 2507 550 2569 computasse
559 2497 704 2570 Agathiam
715 2497 802 2570 liquet
812 2516 847 2552 ex
856 2517 947 2572 seqq„
1033 2508 1167 2563 Eusebius
1180 2510 1227 2567 Pr,
1245 2509 1295 2563 Ev,
1312 2509 1458 2582 1x‚17p,
1476 2507 1531 2572 418
1547 2528 1608 2582 sqq,
1627 2509 1712 2585 (som,
1728 2513 1771 2580 ῃ,

169 2586 220 2640 ubi
234 2585 330 2639 Parthi
345 2584 477 2656 deinceps
489 2584 678 2657 principatum
690 2585 759 2638 λοισι
771 2585 889 2641 tenuisse
903 2587 950 2642 di·
992 2611 1021 2667 p.
1039 2593 1094 2664 37⁰
1108 2613 1170 2669 sqq,
1184 2595 1231 2653 ed,
1246 2595 1369 2668 (luisti)

169 2683 274 2726 cuntur
295 2686 346 2744 per
362 2687 449 2724 annos
469 2687 540 2740 οπο,
560 2672 578 2724 i.
604 2690 630 2729 e.
654 2671 797 2744 usquead
820 2691 866 2726 an.
892 2693 949 2748 ²29

169 2777 200 2831 p.
215 2759 299 2825 (ἕλος
316 2749 485 2830 quamquam
507 2757 528 2810 is
543 2775 658 2830 quoque
673 2769 821 2831 computus
837 2777 893 2814 non
909 2773 949 2816 est
1369 2742 1396 2800 3·

169 2847 407 2912 accuratissimus3
422 2862 509 2917 quum
525 2844 691 2899 Parthorum
706 2845 854 2937 imperium
865 2863 949 2903 ever·
1268 2879 1504 2938 ΕΥΠΟΛΕΜΟΥ

169 2943 232 2978 sarm
246 2927 341 2980 sitan.
358 2923 414 2978 τοῦ
426 2939 456 2995 p.
470 2923 503 2979 C.
518 2921 574 2978 Sed
586 2923 641 2978 hoc
652 2934 716 2978 utut
730 2935 783 2990 est,
796 2934 859 2980 sans
872 2937 949 2999 patet

168 3031 233 3084 que
248 3011 284 3066 dc
298 3009 484 3067 Macedonum
497 3027 585 3083 regno
599 3011 693 3083 inepta
707 3009 879 3086 produntur,
890 3031 948 3068 non
1256 3007 1330 3087 περὶ
1349 3007 1508 3088 ’λῦραόιμ,

169 3097 949 3172 dictaesseexmenteAlexandriPolyhistoris.Temere
1032 3137 1093 3196 ἀπὸ
1115 3142 1170 3210 τῆς
1196 3135 1400 3218 Ἀλεξάνδρου
1425 3142 1480 3196 τοῦ
1513 3133 1733 3218 mmmm

168 3274 290 3328 bnassus
304 3273 340 3328 aa
359 3273 388 3330 u.
409 3275 428 3331 ι.
450 3275 492 3328 ue
515 3273 691 3346 unguem,
714 3273 876 3330 Alexander
890 3275 949 3330 Aac
1172 3225 1251 3306 Περὶ
1270 3223 1434 3285 ’¹⁰⁰⁸“‘⁰'”
1448 3229 1579 3306 Υθθθῆς·
1623 3270 1635 3288 f

169 3359 318 3415 tradidisse
334 3360 402 3414 mihi
419 3359 541 3414 videtur.
561 3384 573 3408 ι
589 3361 654 3414 Post
665 3359 776 3428 Medos,
792 3359 909 3430 dixerit,
919 3364 948 3416 in
1033 3361 1100 3432 Cap.
1119 3379 1151 3431 17
1166 3378 1172 3418 :
1185 3356 1295 3438 Συνᾴδτι
1305 3355 1333 3416 δὲ
1344 3358 1443 3424 τούτοις
1452 3357 1498 3416 κοιλ
1510 3361 1524 3416 ό
1537 3355 1693 3438 Πολυΐστωρ
1703 3358 1773 3418 ’λλό-

169 3448 235 3502 Asia
258 3458 410 3521 regnarunt
430 3449 520 3502 Persae
541 3465 593 3520 per
611 3465 700 3502 annos
724 3445 781 3501 sall
796 3445 944 3520 (559-331
994 3443 1113 3526 ξανδρυς,
1128 3446 1252 3512 πολύνους
1264 3444 1300 3504 ὢν
1314 3445 1360 3504 καὶ
1373 3443 1525 3520 πολυμαθὴς
1537 3445 1616 3527 ἀνὴρ,
1629 3447 1681 3512 τοῖς
1692 3469 1720 3504 τε
1735 3447 1773 3523 μὴ

167 3554 195 3590 a.
209 3537 241 3592 C.
250 3534 271 3608 );
283 3534 387 3590 deinde
402 3533 558 3590 Alexander
572 3533 688 3607 ejusque
699 3552 883 3603 successores,
896 3537 947 3609 Sy·
995 3533 1125 3612 πάρεργον
1140 3531 1182 3590 τὸν
1197 3532 1249 3590 ἀπὸ
1262 3532 1382 3598 παιθτέοις
1393 3533 1493 3612 καρπὸν
1505 3533 1690 3608 πεποιημένοις
1700 3530 1772 3594 Ἕλ-

54 3683 61 3704 ·
168 3623 217 3676 riae
230 3639 321 3696 reges,
335 3639 387 3696 per
396 3640 487 3677 annos
503 3619 765 3697 aptati-swas
779 3621 850 3677 illud
859 3641 948 3695 usqne
993 3621 1054 3691 λησι
1069 3619 1323 3700 γνυιριμώτατος,δς
1338 3622 1409 3698 ἔνι-’ᾗ
1425 3621 1492 3700 Περὶ
1508 3619 1641 3679 Ἰουδαίων
1654 3621 1773 3688 συντάξει

168 3722 281 3783 tempus
290 3728 349 3781 quo
362 3709 471 3782 Syriam
485 3709 780 3783 occupavitTigranes.
798 3710 947 3765 HincAsiae
993 3703 1026 3764 sd
1047 3708 1115 3765 used
1138 3706 1182 3764 τὸν
1205 3706 1325 3786 ’λῦραλμ
1343 3713 1433 3765 τοῦτον
1447 3711 1545 3785 ἱστορεῖ
1561 3706 1628 3766 κατὰ
1648 3703 1716 3774 λέξιν
1730 3707 1773 3766 τὸν

167 3799 345 3873 principatus
357 3797 565 3870 pcnesParthos
578 3806 651 3866 erat,
667 3797 715 3868 qm
731 3797 799 3850 olim
812 3793 874 3867 (an.
891 3793 948 3851 250
993 3793 1098 3874 τρόπον.

167 3881 362 3959 ve1256)sub
374 3887 476 3939 Arsace
490 3903 504 3937 a
518 3881 768 3956 Syrisdesccerant.
783 3883 872 3956 igitur
886 3883 948 3938 Ma-
1037 3879 1218 3958 «Εὐπόλεμος
1235 3881 1262 3940 δὲ
1278 3883 1304 3940 ἐν
1318 3883 1355 3961 τῷ
1371 3881 1438 3961 Περὶ
1457 3879 1602 3954 Ἰουδαίων,
1617 3883 1662 3952 τῆς
1678 3881 1773 3940 ’λσσυ-
1804 3943 1812 3952 ,

168 3971 314 4027 redonicae
322 3973 416 4044 stirpis
434 3987 512 4044 reges
524 3981 630 4044 septem
641 3980 749 4024 tantum
764 3971 843 4024 annis
857 3972 950 4025 minus
997 3967 1052 4046 ρέος
1068 3969 1130 4047 pusi
1147 3969 1221 4028 ndito
1237 3968 1383 4028 Βαθυλῶνα
1395 3971 1498 4048 πρῶτον
1513 3967 1560 4044 μὲν
1574 3973 1709 4038 κτισθῆναι
1723 3967 1774 4026 tut

166 4135 351 4196 emensusque
361 4137 390 4183 ut
402 4147 450 4183 uon
463 4134 567 4196 amplius
580 4133 687 4183 finitimis
698 4133 868 4195 insuperabiles
879 4133 946 4183 vide·
1373 4167 1398 4216 3·

167 4215 262 4270 rentur,
273 4223 352 4272 quum
370 4211 475 4272 alioquin
487 4211 651 4272 imperassent*
660 4223 708 4259 non
727 4211 819 4260 ruinose
834 4211 948 4271 temporis

166 4289 246 4351 spatio
267 4300 342 4349 ουτοι
359 4287 435 4348 Medi,
449 4290 541 4350 septem
561 4287 671 4337 videlicet
690 4287 758 4336 sanis
779 4287 872 4350 minum
891 4299 946 4336 uam
1165 4300 1360 4361 EUPOLEM!
1385 4301 1597 4360 NARRATIO·

166 4369 240 4418 etism
250 4367 297 4417 hac
305 4367 330 4416 in
340 4379 366 4415 re
375 4367 520 4416 crodesrduns
529 4369 566 4416 ssi
574 4365 726 4428 Polylristorl.
759 4367 841 4422 Quum
858 4366 942 4427 itaque

167 4449 236 4496 iuli>
245 4449 355 4507 ltffltt⁰¹⁰
373 4445 540 4506 ifflllmffli,
553 4457 568 4494 ⁸
586 4443 696 4506 Pudnu,
707 4445 777 4505 θθΰῑθ
786 4443 841 4493 ³¹55ss
850 4443 947 4492 Subdiu
1047 4459 1082 4504 De
1094 4455 1238 4505 Λθτσὶιοιιιο
1250 4467 1284 4504 ex
1300 4454 1445 4505 Alexandri
1462 4453 1629 4514 polyhistoris
1640 4463 1715 4514 opere

168 4523 319 4586 minimarum
333 4523 405 4572 antea
422 4521 525 4582 celebri,
539 4521 638 4583 imperio
657 4522 713 4568 sunt
724 4520 804 4579 σιυθὶς
824 4520 864 4582 qui
876 4519 942 4568 dein·
1302 4539 1339 4585 90
1351 4533 1462 4584 pmii,

166 4613 225 4662 αρτ
245 4599 413 4658 counitum,
425 4600 525 4660 AEgypto
544 4599 657 4659 excepta,
677 4598 733 4646 sunt
750 4596 835 4658 potiti,
856 4602 944 4646 Auses
1656 4655 1662 4668 ι
1767 4655 1772 4664 Ι

167 4677 269 4739 quam
287 4676 394 4736 pnmnm
410 4671 747 4732 ddoe1502522u010f0‚2d00
767 4674 795 4721 ui
811 4672 944 4732 imatus,
1026 4663 1094 4711 ltisoe
1112 4661 1386 4723 rotyntstoratexandcr
1403 4658 1772 4721 planosullragstur,nrsummr

168 4753 284 4814 quicum
293 4751 369 4800 secun
381 4752 454 4812 suut,
470 4751 527 4800 dicti
542 4750 638 4799 rucrint.
656 4737 805 4798 Mithridates
825 4761 883 4796 vcro
900 4759 949 4796 non
995 4738 1079 4800 iugeuil
1092 4739 1225 4800 multusque
1235 4737 1377 4788 eruditionis
1391 4736 1503 4798 idemque
1519 4733 1610 4784 Graecis
1624 4731 1773 4788 bominibus,

169 4831 248 4879 inulto
264 4829 477 4891 postsdmagnam
497 4825 960 4892 gioriamrsrthorumnomcnavexit.·
994 4817 1092 4879 quinon
1109 4816 1192 4864 leviter
1205 4818 1229 4863 et
1244 4814 1393 4862 defunctorie
1409 4813 1526 4862 doctrinae
1543 4811 1649 4860 frustum
1663 4808 1773 4869 degesta·
1864 4857 1869 4868 ,

171 4909 245 4959 Annis
256 4911 341 4958 sulem
349 4907 499 4970 septuaginta
510 4919 582 4969 supra
592 4907 710 4956 ducentos
720 4905 751 4954 sb
763 4909 849 4954 Arsam
873 4905 951 4965 primo
996 4897 1065 4953 runt,
1085 4894 1153 4954 longe
1174 4891 1320 4941 notissimus.
1336 4894 1359 4939 ts
1375 4891 1446 4952 igitur
1459 4890 1483 4937 in
1500 4901 1529 4938 ea
1548 4886 1667 4950 quamde
1685 4884 1775 4974 induis

168 4986 199 5036 ad
211 4986 361 5036 Artabanum
372 4985 485 5034 ultimum
496 4997 573 5046 regem
583 4996 659 5046 usque
669 4981 766 5044 clamis,
776 4993 852 5044 qaum
864 4983 951 5030 Rorna-
996 4973 1072 5022 texuit
1090 4973 1189 5022 historia
1209 4985 1246 5020 res
1263 4969 1391 5019 Abralsami
1405 4970 1439 5018 sic
1456 4967 1487 5018 ad
1501 4967 1602 5017 rcrbun's
1623 4967 1773 5025 exsequitur.

166 5075 254 5114 uorum
267 5075 306 5110 res
323 5061 371 5110 sub
383 5061 517 5112 alexandro
534 5064 641 5110 mameae
653 5059 701 5108 tito
713 5057 951 5116 auscultandum,
1029 5052 1201 5114 «Eupolemus,
1213 5049 1331 5111 inquitis
1340 5061 1449 5110 causamn
1458 5046 1489 5096 de
1497 5045 1588 5096 iudeis
1597 5039 1776 5105 Assyriishabet

169 5139 249 5189 subiti
262 5143 359 5202 ternpus
370 5139 482 5188 clrosrois
494 5138 616 5200 progenies
627 5135 689 5200 apud
706 5149 749 5189 nos
763 5148 860 5196 regnare
871 5135 954 5196 capit.
997 5129 1157 5191 disputatione
1168 5129 1252 5177 auctor
1263 5129 1299 5176 est
1308 5127 1414 5189 primum
1424 5123 1521 5188 quidem
1533 5122 1677 5182 Babylonem
1690 5119 1774 5166 urbem

656 5210 657 5214 ’
1623 5213 1656 5252 ιι.
