3974 5732
422 348 943 518 aestuamus,
992 353 1481 496 spumans.

761 721 1146 758 ῌ-ΟΟΦ-ῄ

192 1029 315 1084 Suidas:
334 1027 504 1093 Πασιιδώνιος
523 1026 652 1104 Ἀπαμεὺς
666 1029 695 1088 la
714 1030 811 1110 Συρίας
830 1031 847 1102 ἢ
866 1031 929 1092 Ῥό-
974 1048 1174 1110 auctoremque
1184 1041 1322 1112 scripsisse
1335 1038 1504 1106 Ποσειδώνιος
1518 1043 1532 1098 ό
1548 1041 1671 1113 στωικὸς,
1688 1047 1746 1106 llu-

157 1117 218 1186 διυι,
232 1112 368 1194 φιλόσοφος
384 1113 507 1190 mult,
520 1113 547 1182 ὅς
559 1116 690 1188 ἷπῑκδήθη
705 1117 839 1190 'Albanis
857 1120 927 1197 Σχο·
973 1118 1070 1178 ναιτίου
1085 1120 1203 1196 μαθητὴς
1216 1129 1261 1182 τοῦ
1276 1124 1557 1202 συναποδημήοαντος,
1573 1132 1745 1205 impedimur

156 1203 234 1272 λὴνό
248 1203 324 1280 ἔσχεν
338 1204 365 1260 ἐν
380 1202 479 1282 ΙΡόδιρ,
494 1202 612 1282 διάδοχος
628 1202 737 1282 γεγονὼς
751 1204 796 1263 καλ
811 1205 929 1282 μαθητὴς
972 1207 1060 1264 altero
1072 1209 1147 1282 loco,
1157 1211 1333 1268 ubieundem
1346 1215 1624 1273 Athenaruserrorem
1634 1223 1744 1293 repetit.

157 1290 307 1350 Παναιτίου.
322 1280 405 1350 ’Ἦλθε
416 1287 498 1348 δὲκαὶ
508 1292 533 1357 ἐς
545 1288 653 1366 Ῥώμην
665 1290 708 1348 ἐπί
723 1291 833 1370 Μάρκου
847 1295 927 1371 Μαρ-
973 1293 1081 1348 Etenim
1094 1296 1169 1352 libro
1183 1299 1265 1372 XIV,
1283 1318 1314 1372 p.
1330 1297 1403 1370 657,
1423 1301 1553 1376 legrmtur
1570 1305 1648 1360 baec:
1668 1306 1750 1376 Μνη-,

155 1375 255 1438 κελλου.
273 1375 394 1456 Ἔγραψε
407 1375 499 1433 πολλοί.
515 1376 556 1436 cf.
572 1379 680 1434 Eudoc.
695 1397 725 1452 p.
743 1379 810 1440 365.
826 1382 926 1438 Strabo
972 1376 1073 1452 possiet
1085 1377 1112 1436 δὲ
1125 1383 1210 1438 αὐτῶν
1224 1383 1280 1458 (sc.
1293 1386 1344 1440 τῶν
1356 1381 1477 1462 πίρνων)
1491 1385 1617 1464 Στρόόοιν
1630 1388 1656 1444 δν
1669 1389 1743 1468 τρίτη

154 1467 231 1535 XVI,
245 1485 275 1539 p.
294 1463 349 1534 753
367 1485 374 1520 ι
391 1461 524 1521 Ἐντεῦθεν
535 1461 577 1538 (ἐξ
592 1462 751 1543 Ἀπαμείας)
767 1465 788 1523 δ’
802 1465 856 1524 ἔστι
871 1469 928 1527 Πο-
971 1463 994 1521 Γ
994 1465 1223 1542 ιωγραρουμίνων,
1238 1464 1304 1546 ἀνὴρ
1320 1470 1349 1526 αὖ
1368 1469 1436 1527 ποίνυ
1452 1469 1589 1550 νεώτερος·
1609 1473 1679 1551 λέγει
1694 1455 1744 1554 γδρ

154 1551 279 1616 ατιδώνιος
296 1553 311 1607 ό
326 1548 446 1619 στωικός,
462 1547 527 1626 ἀνὴρ
545 1553 597 1607 τῶν
616 1552 675 1608 καθ’
690 1555 759 1628 ἡμᾶς
779 1552 925 1632 φιλοσόφων
971 1548 1048 1607 αὐτὸν
1059 1553 1084 1609 ἰν
1094 1555 1126 1632 τῇ
1137 1551 1236 1631 ἑόδόμη
1248 1557 1292 1625 τῆς
1304 1557 1384 1626 αὐτῆς
1396 1558 1577 1634 πραγματείας
1590 1562 1749 1636 (indepen-¹

153 1637 387 1714 πολυμαθέστατος.
410 1640 489 1694 Idem
506 1641 584 1711 xlv,
605 1659 633 1713 p.
652 1639 709 1696 655
727 1661 735 1696 t
756 1639 926 1706 Ποσειδώνιος
971 1637 1028 1694 dita
1045 1640 1110 1695 libri
1123 1643 1218 1718 parte)
1232 1641 1369 1718 ἐγνωκέναι
1384 1643 1556 1704 Ποσειδώνιον
1570 1645 1613 1704 τὸν
1628 1647 1681 1706 ἀπό
1698 1654 1743 1720 τῆς

153 1721 334 1783 ἐπολιτεύσατο
349 1721 396 1799 μὲν
411 1726 437 1781 ἐν
455 1723 538 1802 Ῥόδῳ
557 1723 601 1782 καί
616 1723 805 1805 ίσορίστευοον.
820 1717 874 1786 Ἦν
897 1726 924 1786 δὲ
970 1731 1045 1788 στοᾶς
1059 1723 1205 1805 φιλόσορον,
1217 1718 1247 1784 οδ
1259 1729 1384 1796 πολλάκις
1397 1729 1552 1807 μεμνήμεθα
1560 1775 1570 1806 ,
1586 1735 1747 1810 συγγινομέ-,

125 1859 127 1864 .
152 1810 279 1887 Ἀπαμεὺς
290 1813 319 1868 lx
330 1813 376 1880 τῆς
385 1809 492 1890 Συρίας.
507 1812 547 1868 Cf.
558 1813 705 1872 Athenaeus
712 1816 750 1871 vl
755 1856 763 1886 ,
772 1834 802 1888 p.
814 1813 880 1887 252,
893 1820 921 1875 Ε,
969 1827 1013 1864 νου
1025 1807 1151 1898 Σκιπίωνι
1162 1814 1200 1889 τῷ
1213 1810 1260 1881 τὴν
1276 1813 1435 1892 Καρχηδόνα
1452 1815 1544 1874 ἑλόντι.
1561 1821 1741 1888 Ceterumcx

151 1903 265 1957 Luciam.
274 1900 402 1956 Macrob.
413 1919 438 1954 c.
448 1917 495 1968 no,
506 1917 534 1972 p.
545 1900 653 1965 (ildcd.
664 1900 762 1958 Didot.
773 1919 780 1959 :
793 1901 924 1960 lloectdd·
968 1896 1023 1951 hoc
1037 1898 1102 1953 loco
1116 1899 1247 1955 discimus
1257 1904 1406 1975 pueritiam
1418 1905 1564 1961 Strabonis
1572 1909 1689 1982 attigisse
1699 1929 1742 1966 se-

149 1989 223 2050 νιοςδ
234 1982 365 2060 Ἀπαμιδς
376 1987 423 2053 τῆς
436 1981 548 2062 Συρίας,
562 1985 634 2064 νόμῳ
648 1984 676 2043 δὲ
689 1985 805 2057 Ῥόδιος,
820 1989 923 2068 paldon-
967 1993 1106 2042 nectutem
1121 1987 1275 2046 Posidonii.
1289 1991 1359 2044 Nam
1379 1991 1463 2066 longe
1482 2012 1547 2049 saue
1566 1998 1683 2070 petitum
1701 2011 1741 2054 cst

149 2071 229 2150 ρόςττ
241 2070 298 2145 ἅμα
307 2071 352 2128 καί
362 2069 478 2150 ἱστορίας
485 2071 646 2150 συγγραφεὺς
653 2070 765 2152 τέτταρα
777 2073 821 2131 καί
832 2073 923 2150 ὀγδοή.
968 2070 1046 2142 quod
1061 2085 1126 2144 post
1138 2065 1421 2150 schwetglaemermn
1439 2081 1534 2134 statuit
1551 2083 1667 2152 Balius,
1687 2088 1742 2140 sci·

148 2182 225 2216 κοντα
242 2161 294 2236 (sc.
310 2157 356 2228 ἔπη
370 2157 500 2234 ἰδίοισιν).
967 2155 1031 2212 lieet
1049 2160 1134 2216 verba
1157 2157 1251 2236 λέγει..
1273 2159 1414 2237 ἐγνωκέναι
1435 2163 1620 2241 Ποσιιδώνιον,
1642 2189 1703 2242 quae
1725 2193 1740 2227 c

185 2251 228 2302 De
256 2257 336 2302 aetate
365 2247 508 2302 Posidonii
538 2265 622 2303 sanus
654 2267 725 2302 arur
755 2247 925 2322 <Pordona
966 2243 1112 2301 Strabonis
1129 2247 1202 2304 libro
1219 2253 1337 2322 septimo
1351 2253 1484 2326 citantur,
1498 2265 1623 2326 spectare
1636 2257 1740 2312 librum

146 2335 250 2390 Rhodii
265 2336 405 2407 Reliquiae
417 2335 565 2391 doctriaoe.
581 2337 670 2408 hagd.
685 2337 752 2394 nat.
771 2337 858 2408 1810,
874 2338 920 2416 8.)
965 2329 1098 2386 &cineum
1109 2346 1217 2388 sertum
1229 2333 1276 2410 (p.
1287 2335 1343 2406 753
1352 2333 1377 2412 l,
1387 2338 1437 2392 ubi
1447 2340 1627 2396 Posidonium
1638 2344 1744 2406 Strabo,

147 2443 175 2496 p.
190 2423 256 2477 ssita
269 2424 384 2476 statuit:
399 2422 573 2492 «Panaetius,
585 2425 638 2490 ait,
651 2442 735 2496 quem
747 2425 854 2480 audivit
864 2428 922 2481 Po-
966 2415 1034 2472 dicit
1047 2419 1098 2474 τῶν
1109 2441 1147 2476 κα
1155 2423 1179 2477 θ’
1195 2424 1281 2495 ἡμᾶς
1295 2421 1440 2502 φιλοσόφων
1452 2425 1692 2501 πολυμαθέστατον,
1704 2450 1739 2486 00

145 2511 269 2564 sidonius
283 2508 411 2580 (Suidas3
425 2509 482 2564 Cic.
499 2506 581 2568 offic.
594 2511 655 2577 lll,
675 2527 707 2578 a,
725 2511 817 2567 Dirin.
830 2513 858 2581 l,
874 2512 919 2588 3.)
966 2517 1057 2561 autent
1072 2509 1137 2562 loco
1151 2509 1226 2564 istud
1242 2511 1309 2565 καθ’
1323 2513 1408 2584 ἡμᾶς
1423 2514 1527 2570 laxiore
1540 2532 1619 2570 sensu
1633 2517 1740 2572 dictum

146 2609 272 2652 mortuus
282 2605 322 2650 est
330 2597 441 2650 circiter
453 2614 479 2653 a.
493 2615 523 2666 u.
540 2595 597 2660 642
612 2593 667 2670 [Ol.
687 2597 755 2666 167,
770 2616 803 2666 13
826 2619 918 2658 1122,
965 2592 1053 2650 videri
1063 2595 1099 2650 dc
1108 2597 1186 2666 viro,
1201 2599 1250 2670 qui
1261 2599 1418 2671 paullulum
1432 2611 1556 2656 nostram
1567 2613 1675 2658 aetatem
1690 2625 1738 2660 an·

145 2682 189 2757 G]
202 2681 357 2738 secundum
365 2682 825 2755 rationesLyndenilDePnnoetio
834 2686 857 2753 1,
873 2685 923 2758 3),
966 2681 1111 2739 tecesserit.
1120 2683 1322 2738 Atliberiorem
1331 2683 1413 2740 istum
1421 2685 1648 2744 verbotumxub'
1658 2693 1740 2762 ἡμᾶς

144 2785 174 2825 ut
187 2773 234 2826 bic
246 2789 335 2826 annus
346 2771 376 2824 in
387 2769 446 2841 ejus
456 2770 672 2826 adolescentiam
685 2771 810 2828 incidere
823 2775 920 2831 videa·
965 2782 1045 2819 mum
1057 2785 1072 2822 ἣ
1084 2767 1223 2824 Strabone
1236 2770 1358 2825 alienum
1372 2789 1442 2840 esse,
1452 2775 1591 2845 congestis
1605 2779 1740 2849 eseruplis

145 2870 199 2915 tur.
212 2860 305 2913 Porro
318 2859 450 2930 deinceps
459 2876 524 2912 eum
535 2857 631 2912 Rhodi
641 2859 737 2914 Cicero
749 2860 870 2930 audivit,
885 2880 920 2918 eo
964 2849 1111 2922 Cllfltonus
1130 2855 1209 2926 (111,
1229 2876 1259 2929 p-
1281 2855 1358 2932 553)
1382 2857 1417 2914 de
1436 2859 1576 2916 natalibus
1595 2857 1740 2918 Strabonis

142 2949 203 3019 ipso
221 2965 297 3000 anuo
316 2963 375 3017 quo
394 2945 468 3017 Sylla
486 2955 614 3000 mortuus
631 2957 687 3014 est,
709 2947 760 3018 qui
777 2957 817 3002 est
839 2966 865 3008 a,
888 2969 914 3004 u¹
965 2938 1108 3012 disputans
1130 2941 1203 2998 bene
1224 2943 1434 3002 demonstravit.
1455 2947 1518 3016 lam
1541 2948 1626 3020 igitur
1651 2968 1737 3021 quum

143 3033 199 3102 67(
219 3032 277 3105 (78
292 3051 317 3086 a.
331 3030 401 3105 (1.),
414 3040 482 3086 teste
496 3031 647 3086 Plutarclto
662 3033 692 3086 in
706 3033 841 3090 Cicerone
854 3053 880 3089 c.
902 3043 918 3100 t,
965 3027 1065 3082 St'rabo
1076 3038 1157 3084 natus
1168 3031 1203 3084 sit
1217 3030 1291 3085 circa
1303 3049 1408 3086 antrum
1424 3029 1458 3095 54
1473 3051 1499 3088 a.
1513 3033 1556 3102 C.,
1570 3033 1666 3088 dicero
1680 3055 1739 3090 non

142 3120 194 3190 (cs.
206 3119 307 3177 Cicero
320 3121 399 3172 Brut.
417 3137 451 3189 9¹
463 3116 472 3190 l
485 3136 492 3171 :
505 3119 651 3190 etreliqua
667 3137 729 3191 quae
742 3119 778 3174 de
790 3139 825 3176 eo
838 3121 921 3177 nohis
964 3115 1057 3184 potuit
1067 3133 1096 3170 se
1107 3117 1216 3170 novisse
1227 3115 1428 3191 Posidonium,
1440 3120 1463 3174 si
1477 3137 1542 3176 vere
1554 3121 1576 3174 is
1591 3119 1739 3176 defunctus

141 3211 341 3277 innotuerunt,
357 3207 387 3259 in
400 3205 475 3259 idem
490 3204 548 3259 scre
564 3207 697 3279 temporis
712 3208 831 3280 spatium
845 3209 919 3264 inci.
964 3209 1033 3255 'esset
1042 3220 1117 3256 anno
1127 3201 1161 3258 51
1174 3222 1199 3262 a.
1210 3203 1277 3260 Chr.
1289 3205 1348 3278 Ego
1359 3205 1475 3278 quidem
1485 3205 1583 3261 decem
1594 3206 1738 3264 sereannis

35 3283 41 3290 ’
140 3295 223 3362 dunt,
237 3312 326 3366 quum
337 3302 469 3346 antetum
476 3302 541 3364 post
551 3311 741 3350 eumaunum.
752 3295 918 3350 Restatsui.
960 3287 1103 3358 juniorem
1114 3290 1197 3346 luisse
1212 3291 1393 3346 Posidonium
1412 3294 1550 3365 suspicor.
1565 3295 1632 3364 Quae
1647 3295 1682 3353 sr.
1700 3296 1735 3360 lb

139 3381 188 3436 das
198 3382 248 3453 qui
261 3378 347 3434 tradit
355 3380 475 3434 Romam
483 3380 589 3434 venisse
600 3379 781 3434 Posidonium
789 3377 832 3435 ἐπὶ
842 3379 919 3459 Μάρ.
964 3373 1000 3429 de
1013 3377 1052 3429 Μ.
1066 3377 1154 3432 bruto
1168 3378 1299 3451 leguntur
1313 3397 1431 3453 arguere
1445 3379 1514 3434 mihi
1525 3380 1656 3438 videntur
1673 3401 1737 3440 eum

138 3488 185 3522 κου
200 3463 375 3542 Μαρκέλλω,
388 3467 440 3520 sarh
453 3467 493 3522 M.
508 3467 640 3522 Marcello
656 3468 782 3536 consule,
798 3467 828 3524 id
841 3480 879 3524 est
892 3490 917 3528 a.
962 3473 1158 3532 postmortem
1172 3465 1285 3520 Caesaris
1299 3462 1309 3540 (
1321 3471 1356 3531 tt
1373 3485 1398 3524 a.
1413 3464 1466 3539 c.)
1481 3465 1632 3521 scribendo
1645 3469 1737 3525 adhuc

139 3575 167 3610 u,
191 3552 265 3622 703,
277 3553 324 3608 01.
344 3551 414 3620 182,
431 3570 447 3605 ο
467 3549 520 3624 (51
539 3553 628 3627 rac.)
647 3555 719 3626 :qui
737 3556 917 3610 annusposi.
964 3561 1131 3622 occupatum
1145 3549 1236 3608 fuisse.
1251 3551 1337 3622 Quod
1357 3552 1479 3624 denique
1500 3553 1598 3607 attinet
1612 3555 1737 3626 Lyndeni

141 3641 228 3694 «ionio
243 3640 307 3692 vitae
326 3639 439 3693 ultimus
454 3638 522 3708 fuit,
543 3651 574 3693 ut
594 3653 688 3695 nostra
706 3643 842 3696 sententia
861 3653 916 3712 est,
962 3637 1125 3691 sententiam
1139 3637 1174 3692 de
1187 3637 1302 3694 Panaetii
1312 3657 1387 3694 anno
1397 3639 1472 3696 fatali
1488 3639 1528 3712 (a.
1547 3641 1736 3715 112),aqu0

136 3727 280 3798 siquidem
298 3735 433 3798 quattuor
452 3737 479 3782 et
499 3728 640 3801 octoginta
663 3746 751 3783 annos
776 3729 917 3802 implevit,
962 3720 1064 3778 Bakius
1082 3725 1113 3778 in
1126 3725 1238 3780 calculis
1251 3725 1442 3781 subducendis
1456 3724 1657 3800 proficiscitur,
1676 3747 1735 3784 eam

137 3825 206 3869 roste
216 3815 344 3869 Luciam
356 3814 375 3870 1,
388 3815 408 3867 Ι,
418 3830 426 3870 :
436 3814 512 3868 unde
522 3813 672 3869 conficitur
682 3834 746 3870 eum
755 3825 852 3870 mrum
862 3836 917 3872 ω
961 3809 1030 3862 scito
1047 3811 1126 3878 nullo
1146 3812 1323 3880 testimonio,
1343 3812 1392 3868 scd
1407 3831 1484 3868 mera
1501 3813 1552 3868 niti
1567 3813 1735 3885 conjectura.

136 3919 161 3952 a.
177 3919 208 3955 u,
222 3899 282 3971 619
292 3941 300 3968 ,
311 3900 357 3957 01,
378 3899 427 3953 161
441 3919 477 3968 ,α
495 3900 503 3973 (
517 3900 570 3954 135
582 3920 608 3957 a,
621 3897 687 3975 (3,),
700 3903 852 3956 Panaetium
863 3922 917 3958 au.
961 3893 1107 3952 Cliutonus
1116 3916 1219 3952 annum
1231 3917 1289 3972 quo
1298 3911 1426 3954 mortuus
1435 3900 1471 3954 sit
1481 3901 1616 3954 Panaetius
1625 3900 1736 3958 deliniri

135 3986 199 4040 dire
213 3987 339 4058 potuisse
353 3987 489 4058 usquead
504 4005 609 4042 antrum
622 3989 786 4042 vicesimum
802 3991 916 4045 tertium
962 3985 1435 4058 0fflssln0n0ssp0⁵⁵es³lelur³d³¹h
1450 3993 1503 4052 llil
1513 3999 1540 4042 el
1553 3987 1616 4056 ¹432
1624 4007 1653 4062 P·
1671 3991 1735 4058 ¹⁰82

134 4075 233 4128 atatis.
246 4097 259 4123 ν
269 4075 336 4128 Post
343 4075 402 4128 haec
411 4075 573 4148 perstringit
582 4075 683 4129 Bakius
693 4093 820 4130 errorem
829 4077 917 4132 Athe·
960 4070 1145 4141 probabiliter
1153 4082 1246 4128 tamen
1256 4074 1339 4128 statui
1350 4075 1389 4127 ait
1399 4072 1564 4128 defunctum
1573 4092 1630 4130 esse
1639 4079 1734 4148 paullo

134 4163 186 4214 naei
199 4203 208 4234 ‚
219 4162 271 4235 qui
281 4161 356 4216 libro
369 4161 484 4234 xl1‚p,
498 4159 571 4234 549,
584 4162 655 4217 Eira
666 4161 769 4220 haber:
783 4160 916 4220 Ποσειδῶ.
960 4167 1024 4211 ante
1042 4176 1101 4224 roo,
1112 4178 1137 4216 a.
1153 4159 1184 4215 C.
1205 4157 1291 4230 Quod
1309 4160 1339 4212 in
1358 4170 1469 4216 nostros
1482 4161 1604 4216 calculos
1623 4161 1738 4230 caderet

133 4268 184 4310 νιος
194 4249 209 4301 δ
221 4243 331 4310 στωικὸς
339 4243 560 4321 συναποδημήσας
572 4245 701 4306 Σκιπίωνι
715 4249 753 4325 τῷ
768 4247 913 4328 Ἀφρικανῷ
960 4243 1077 4316 optime.
1091 4247 1204 4302 Annum
1218 4263 1275 4318 quo
1290 4245 1428 4302 Panaetius
1441 4247 1600 4319 Scipionem
1614 4249 1643 4300 in
1657 4249 1734 4322 lega-

134 4331 258 4402 κληθίντι
270 4332 306 4398 είς
316 4330 506 4410 Ἀλεξάνδρειαν
517 4333 575 4392 κτλ.
589 4333 630 4409 (ν.
640 4335 675 4393 lr.
688 4355 718 4390 ιι
731 4331 751 4412 J.
764 4338 856 4392 «Nam
867 4337 916 4393 Pa.
960 4333 1035 4388 tione
1047 4335 1194 4388 comitatus
1204 4335 1255 4404 sit,
1267 4353 1301 4389 cx
1313 4333 1469 4403 Cicerone,
1482 4332 1570 4388 Acad.
1586 4334 1632 4402 lv,
1649 4352 1682 4402 a,
1697 4336 1734 4390 ita

134 4423 251 4475 naetimn
263 4421 396 4476 Africano
411 4423 440 4476 in
453 4422 509 4476 hoc
523 4422 622 4478 itinere
635 4423 743 4477 socium
757 4421 840 4478 fuisse
856 4423 912 4499 [Ol.
959 4417 1107 4489 definiunt,
1114 4419 1333 4492 ulpertlneatfld
1342 4439 1388 4476 an.
1404 4419 1457 4484 143
1470 4437 1496 4475 ὃ·
1506 4419 1535 4474 C·
1546 4418 1629 4473 Vllad
1638 4423 1733 4491 Pf035·

139 4505 210 4578 159,
226 4505 367 4582 23143a.
382 4508 425 4575 C.,
435 4517 466 4561 ut
478 4526 532 4581 rgo
547 4517 735 4566 statuuntsec.
748 4507 808 4566 Cic.
824 4509 913 4568 Aead.
958 4524 1001 4560 me
1016 4505 1238 4562 antecedentem.
1255 4510 1291 4562 At
1306 4517 1372 4562 octo
1383 4507 1440 4561 lere
1451 4506 1530 4560 annis
1546 4505 1732 4576 posteriorem

134 4593 181 4658 lv,
201 4591 231 4668 a]
244 4593 359 4648 aliunde
379 4592 522 4648 manifesto
544 4604 670 4668 constat,
690 4605 722 4649 ut
743 4595 858 4649 minime
877 4596 914 4652 ad
958 4591 1040 4647 fuisse
1052 4612 1067 4647 e
1079 4592 1231 4648 Posidonio
1245 4603 1273 4648 et
1283 4593 1411 4649 Diodoro
1430 4591 1621 4646 demonstrare
1638 4592 1733 4646 studui

134 4677 207 4733 lianc
219 4689 328 4735 aetatem
340 4679 503 4735 referendus
513 4682 549 4736 sit
561 4680 742 4756 Posidonius,
758 4681 807 4736 sed
819 4684 912 4754 potius
957 4677 994 4733 ad
1003 4679 1124 4733 Diodori
1138 4681 1205 4734 Exc.
1218 4681 1261 4734 De
1274 4679 1393 4746 insidiis,
1407 4697 1432 4736 c.
1445 4675 1493 4736 αδ.

135 4764 225 4835 ipsum
235 4767 317 4822 baeca
328 4766 448 4822 Panaetio
455 4777 567 4840 accepta
575 4769 605 4822 in
611 4768 739 4822 Historiis
747 4767 913 4840 prodidisse,
997 4767 1064 4836 Quae
1078 4766 1111 4821 de
1122 4765 1184 4820 satis
1193 4765 1337 4820 Posidonii
1346 4764 1453 4842 traditu
1468 4763 1625 4836 accepimus
1636 4803 1644 4831 ,
1656 4763 1733 4818 haud

135 4868 228 4922 neque
243 4853 299 4907 hoc
310 4854 374 4907 satis
386 4853 531 4908 attendisse
543 4855 707 4908 Athenaeum
721 4853 912 4909 aestimandum
956 4852 1044 4908 multa
1056 4861 1130 4906 sunt.
1147 4853 1239 4922 Quare
1257 4873 1269 4900 ι
1286 4869 1322 4906 ne
1341 4868 1455 4907 vacuam
1468 4850 1541 4904 hanc
1559 4859 1669 4923 partem
1684 4868 1732 4904 rc-

135 4937 179 4993 sit.
190 4940 232 4992 lta
246 4949 323 4994 recte
337 4942 446 4993 monuit
458 4941 673 5013 elegantissimus
684 4940 835 5012 Lyndenus
849 4937 857 5016 ί
869 4943 911 4996 De
957 4940 1084 5011 linquere
1090 4955 1266 5012 cogeremur,
1275 4938 1433 5006 Bulsiusait‚
1444 4937 1645 5009 adsumpsimus
1652 4937 1734 4990 nobis

138 5023 256 5080 Panaetio
283 5045 313 5098 p.
335 5024 403 5099 45),
429 5051 440 5076 ν
469 5029 552 5082 Basa.
575 5029 656 5083 Certe
681 5047 715 5082 ne
731 5038 861 5100 putemus
879 5029 912 5082 li·
956 5027 1153 5098 id,utpartim
1162 5025 1464 5096 veterumscriptorum
1477 5021 1593 5077 fidentes
1603 5023 1729 5076 testimo-

137 5107 297 5168 brariorum
317 5113 398 5184 culpa
416 5113 501 5168 verba
521 5114 645 5168 Atlrcnaei
669 5114 819 5186 depravata
839 5133 910 5184 esse,
956 5114 1024 5187 niis,
1037 5114 1187 5186 plurimum
1206 5123 1299 5167 nostra
1316 5115 1367 5185 ipsi
1379 5113 1454 5166 (lacti
1467 5117 1641 5182 conjectura,
1666 5128 1729 5194 prm
