4004 5736
228 316 284 364 tut
810 301 999 362 rusiuontt
1024 303 1239 362 anamnesis

225 440 304 508 ροίαις
316 433 361 500 τῆς
375 430 503 500 θαλάττης
520 429 680 500 ἀντιπαθεῖν,
697 427 765 484 κατά
777 429 824 503 μὲν
836 427 882 494 τθς
895 428 1001 504 πλήμας
1045 429 1088 498 νὺξ
1102 453 1134 508 τη
1156 437 1200 490 τοῦ
1215 431 1289 501 ήλίου
1310 439 1435 510 περιρορᾷ
1456 430 1605 509 μετρεῖται,
1631 431 1687 488 τοτέ
1705 433 1752 507 μέν
1772 434 1822 494 ὑπδ

224 515 402 586 ἐκλείπουσαν,
423 515 490 573 κατθι
514 516 540 572 δὲ
571 513 616 579 τάς
644 512 777 590 ἀμπώτεις
804 515 999 594 πληρουμένην.
1045 521 1091 592 γῆς
1103 516 1188 588 ὄντος,
1203 517 1260 576 τοτὲ
1277 517 1304 576 δί
1321 517 1386 596 ὑπὲρ
1403 521 1450 592 γῆς
1462 515 1637 596 μαινομένου·
1657 519 1720 597 φησί
1734 519 1761 578 δέ
1775 521 1822 592 τήν

227 605 350 661 rhindrici
365 601 387 658 δ’
408 599 447 660 ότι
461 601 490 659 τὸ
510 606 612 680 ηνεῦμα
627 601 656 657 τό
677 604 706 657 ἐκ
728 605 772 656 τοῦ
789 601 880 678 βάθους
901 603 935 667 εἰς
953 601 999 671 τήν
1046 609 1089 661 τοῦ
1108 607 1225 662 ὠκεανοῦ
1245 603 1345 676 κίνησιν
1364 606 1468 684 ὑπέχειν
1481 605 1616 682 ἀστραειδῆ
1632 605 1758 683 περίοδον,
1774 608 1822 678 τήν

224 689 373 768 ἐπιφάνειαν
389 696 433 759 τῆς
451 694 498 766 γῆς
516 692 650 758 ἐκπῖπτον,
671 690 842 767 καλυρθείσης
857 688 902 762 μίν
922 691 1001 758 αὐτῆς
1046 690 1092 764 μὲν
1121 690 1262 770 ἡμερήσιον
1287 693 1471 760 ἀποδιδοῦσαν,
1492 691 1539 758 τήν
1563 690 1590 748 δί
1616 693 1749 768 μηνιαίαν,
1775 695 1822 766 τήν

224 775 274 832 ὑπὸ
291 782 335 832 τοῦ
353 777 467 850 κύματος
485 775 552 834 κατά
571 775 616 840 τὰς
636 774 766 840 ε’πιύάσεις
787 780 833 844 τῆς
853 775 999 847 θαλάττης,
1046 778 1067 834 δ’
1079 776 1237 834 ἐνιαυσιαίαν
1251 780 1393 852 συμπαθῶς
1414 781 1446 853 τῇ
1467 776 1572 855 σελήνη.
1584 775 1671 836 Ὅταν
1685 777 1735 859 γάρ
1755 779 1822 850 αῦτη

224 861 337 940 εἴργεται
350 867 401 920 τῶν
417 863 517 922 οἰκείων
531 861 652 920 τοιούτοιν
666 861 767 934 ἐξόδων,
790 861 954 942 ἀναστρέψαν
973 863 1000 921 δέ
1046 863 1135 942 ζιμδίου
1153 863 1258 940 μέγεθος
1272 863 1385 942 ὑπερέχῃ
1398 869 1441 922 τοῦ
1457 863 1595 942 ὁρίζοντος,
1614 865 1739 944 ἄρχεσθαι
1757 869 1823 925 διοι-

224 952 258 1014 εἰς
269 949 298 1007 τὸ
312 949 380 1015 ἐντὸς
394 950 535 1028 ἐμρράττιι
548 947 606 1016 τοὺς
619 953 664 1018 τῆς
674 953 760 1024 πηγῆς
774 948 866 1026 πόρους
878 948 922 1006 καί
934 951 1003 1006 ποιεῖ
1046 953 1096 1008 δεῖν
1119 951 1165 1020 τήν
1186 951 1316 1008 θάλατταν
1338 949 1383 1007 καί
1403 949 1543 1008 ἐπεθαίνειν
1563 953 1608 1018 τῆς
1627 955 1674 1028 γ’ής
1696 953 1825 1024 αἰσθητῶς

225 1038 381 1117 λειψυδρίαν,
392 1038 567 1114 γυμνωθείσης
583 1038 609 1094 δὲ
624 1038 714 1106 πάλιν,
734 1041 911 1114 εύθυπορῆσαν
926 1040 1001 1095 ἰλευ-
1046 1037 1124 1116 μέχρι
1140 1037 1365 1115 μεσουρανήσεως·
1380 1037 1541 1102 ἐκκλίναντος
1554 1035 1580 1096 δί
1594 1045 1637 1097 τοῦ
1650 1039 1763 1119 ἄστρου,
1774 1043 1824 1100 πά-

224 1127 293 1203 θεροῒ
303 1125 349 1190 τὰς
363 1125 460 1206 ρλέόας
473 1129 518 1194 τῆς
531 1129 632 1199 πηγῆς,
647 1123 710 1182 ὥστ’
725 1123 863 1182 ἀναῦλύειν
878 1124 1000 1200 εὐπόρως.
1046 1127 1086 1180 λιν
1101 1125 1245 1202 ἀναχωρεῖν
1263 1122 1293 1182 τδ
1316 1121 1427 1201 πέλαγος
1441 1123 1498 1182 κατ’
1512 1123 1607 1200 ὀλίγον,
1625 1123 1671 1191 έως
1683 1125 1715 1185 ἀν
1734 1128 1824 1206 ζῴδιον

226 1212 408 1290 Ἀρτεμίδωρος
425 1211 452 1270 δί
470 1211 599 1270 ἀντειπὼν
615 1211 697 1290 τούτῳ
713 1211 758 1270 καί
775 1211 830 1285 ἅμα
847 1212 909 1288 παρ’
925 1214 1001 1270 αὑτοῦ
1046 1211 1159 1290 ὑπερέχῃ
1181 1215 1227 1280 τῆς
1247 1209 1341 1276 δύσεως
1359 1214 1376 1281 ἡ
1394 1211 1503 1281 σελήνη·
1518 1201 1575 1268 εἶτα
1598 1211 1682 1286 μένειν
1702 1221 1824 1274 τοσοῦτον

227 1321 280 1356 τινα
295 1299 344 1364 θείς
356 1299 450 1370 αἰτίαν,
465 1298 584 1374 μνησθείς
595 1298 620 1354 δὲ
634 1297 679 1354 καί
693 1304 738 1368 τῆς
753 1299 864 1358 Σιλανοῦ
875 1295 948 1367 δόξης
957 1301 1001 1354 τοῦ
1047 1300 1073 1354 ἐν
1085 1302 1116 1376 τῇ
1129 1300 1195 1376 αὐτῇ
1208 1296 1367 1356 καταστάσει
1378 1296 1480 1377 χρόνον,
1490 1296 1549 1356 ὅσον
1560 1303 1578 1368 ἡ
1590 1299 1685 1370 σελήνη
1698 1303 1825 1368 Ισυνάπτει

226 1388 407 1465 συγγραφέως,
426 1385 455 1443 ού
473 1409 516 1460 μοι
534 1386 603 1442 δοκεῖ
623 1385 726 1460 μνήμης
741 1385 906 1462 ἀξιαέἰπεῒν,
921 1387 956 1450 ὡς
971 1383 1001 1442 δν
1047 1385 1109 1464 πρὸς
1123 1386 1202 1455 αὐτήν
1214 1384 1262 1454 τήν
1283 1383 1365 1456 δύσιν,
1383 1384 1428 1442 καί
1448 1383 1486 1442 έτι
1503 1387 1602 1461 μᾶλλον
1619 1391 1750 1463 τοσοῦτον,
1765 1389 1824 1448 ὅσον

225 1471 326 1544 ἰδιώτης
337 1472 396 1550 περὶ
405 1478 487 1530 ταῦτα
497 1471 542 1530 καί
554 1470 629 1536 αὐτὸς
641 1471 685 1528 καί
696 1474 816 1538 Σιλανός.
831 1470 1003 1536 Ποσειδώνιος
1047 1473 1179 1542 κινηθεῖσα
1202 1470 1251 1529 ὑπὸ
1273 1475 1321 1548 γ’ής
1336 1470 1425 1552 ζῴδιον
1436 1471 1557 1550 ’ἀπόσχοι
1576 1471 1607 1530 ἂν
1622 1477 1666 1530 τοῦ
1686 1472 1825 1552 ὁρίζοντος·

226 1559 251 1616 δέ
270 1562 351 1638 ψευδῆ
372 1559 456 1634 λέγων
477 1557 524 1628 τήν
547 1558 662 1636 ἱστορίαν
681 1550 746 1616 εἶναι
764 1559 862 1628 ταύτην
877 1557 922 1616 δύο
939 1558 1002 1638 φησί
1047 1551 1092 1616 εἰτ’
1107 1558 1247 1616 ἐπιῦαίνειν
1259 1559 1337 1615 πάλιν
1350 1557 1397 1624 έως
1406 1563 1451 1616 τοῦ
1464 1557 1515 1616 ὑπὸ
1524 1562 1573 1635 γῆν
1585 1561 1824 1640 μεσουρανήματος·

225 1639 394 1727 εἰναιρρέατα
405 1650 430 1704 ἐν
441 1649 478 1726 τῷ
493 1644 641 1723 Ἡρακλείῳ
660 1645 704 1702 καί
723 1644 805 1724 τρίτον
827 1648 852 1702 ἐν
868 1646 1001 1725 τῇπόλει·
1047 1636 1093 1702 εἶτ’
1110 1648 1265 1724 ἀναχωρεῖν,
1286 1643 1334 1709 ἕως
1353 1641 1384 1701 θν
1398 1643 1461 1722 πρδς
1478 1643 1524 1711 τάς
1538 1643 1665 1712 ἀνατολάς
1678 1647 1827 1727 περιχωρή-

224 1739 275 1791 τῶν
290 1735 312 1792 δ’
340 1737 366 1792 ἐν
388 1737 425 1813 τῷ
444 1731 594 1813 Ἡρακλείῳ
612 1731 641 1789 τό
661 1732 708 1808 μὲν
727 1731 877 1810 μικρότερον
896 1734 1000 1811 ὑδρευο·
1048 1753 1115 1790 σασα
1131 1735 1147 1800 ἡ
1168 1730 1264 1801 σελήνη
1283 1728 1372 1810 ζῴδιον
1386 1735 1431 1788 τοῦ
1452 1730 1577 1810 ὁρίζοντος
1598 1727 1717 1812 ἀπόσχῃ·
1741 1733 1826 1810 μένειν

224 1819 309 1896 μένων
322 1824 435 1898 συνεχῶς
450 1819 564 1900 αὐθωρδν
581 1820 626 1878 καλ
645 1819 782 1891 ἐκλείπειν,
798 1818 843 1877 καί
856 1819 1001 1878 διαλειπόν·
1048 1817 1086 1888 δέ,
1101 1817 1193 1898 μέχρις
1208 1817 1240 1874 ἀν
1258 1815 1348 1898 ζῴδιον
1365 1815 1413 1874 turi
1443 1821 1490 1890 γῆς
1505 1821 1677 1898 μετεωρισθῇ,
1691 1817 1736 1876 καί
1747 1819 1826 1878 πάλιν

226 1931 277 1964 των
297 1911 343 1978 τῆς
366 1907 466 1986 ὑδρείας
484 1909 647 1986 πληροῦσθαι
666 1907 760 1964 πάλιν·
782 1904 811 1964 τδ
825 1905 852 1963 δί
869 1910 954 1981 μεῖζον
971 1907 1004 1964 δι’
1048 1903 1199 1964 ἐπιῦαίνειν.
1217 1903 1325 1976 Ταύτην
1338 1903 1385 1979 μὲν
1398 1839 1464 1962 elprae
1476 1904 1546 1982 λέγει
1561 1903 1608 1976 τήν
1624 1907 1766 1986 ἡμερήσιον
1778 1929 1828 1965 πε-

225 1993 288 2067 δ’λης
301 1998 346 2064 τῆς
360 1994 459 2070 ἡμέρας
469 1991 515 2063 τὴν
532 1993 633 2072 ὑδρείαν
649 1991 720 2070 ἔχον,
736 1991 886 2067 μειούμενον
900 1991 1002 2069 μέντοι,
1049 1991 1144 2069 ρίοδον·
1156 1989 1202 2060 τήν
1215 1989 1242 2048 δί
1255 1990 1388 2065 μηνιαίαν,
1399 1989 1438 2047 ὅτι
1449 1989 1570 2066 μέγισται
1580 1989 1626 2068 μὲν
1639 1995 1666 2050 αἱ
1676 1992 1827 2072 παλίρροιαι

227 2082 345 2161 καθάπερ
356 2081 399 2139 καί
407 2073 491 2140 eills
502 2081 601 2160 φρέατα
613 2080 710 2150 πάντα,
720 2079 821 2160 νύκτωρ
831 2081 1002 2159 πληροῦσθαι,
1048 2077 1179 2156 γίγνονται
1201 2076 1261 2156 περὶ
1283 2076 1329 2143 τὰς
1352 2075 1487 2153 συνόδους,
1511 2068 1567 2136 εἶτα
1592 2084 1724 2156 μειοῦνται
1747 2081 1826 2158 μέχρι

229 2167 322 2242 μηκέτι
340 2168 530 2248 ὑδρευομένων·
551 2166 639 2235 ἐπειδὴ
660 2165 686 2224 δὲ
704 2168 848 2242 συμπίπτει
870 2164 938 2224 suri
959 2166 1003 2224 τὸν
1049 2162 1201 2242 διχοτόμου·
1213 2162 1293 2220 πάλιν
1308 2162 1331 2220 δ’
1355 2161 1474 2230 αὔξονται
1490 2163 1570 2244 μέχρι
1589 2166 1828 2238 πανσελήνου,καί

227 2259 272 2324 τῆς
293 2255 506 2334 συμπληρώσεως
521 2253 609 2331 καιρὸν
629 2257 645 2321 ἠ
668 2252 787 2328 ἄμπωτις
803 2252 937 2328 πολλάκις,
954 2275 1004 2310 πε·
1050 2257 1182 2326 μειοῦνται
1193 2249 1273 2308 πάλιν
1285 2248 1331 2316 ἕως
1348 2249 1486 2328 διχοτόμαν
1505 2251 1637 2329 ρθινάδας·
1654 2243 1699 2310 εἷθ’
1714 2252 1761 2318 ἕως
1776 2257 1828 2312 τῶν

228 2346 381 2400 πιστεῦσθαι
389 2345 467 2407 κενῶς
478 2339 528 2398 ὑπὸ
539 2344 589 2398 τῶν
611 2339 742 2417 ἐγχωρίων
755 2337 802 2410 τήν
824 2339 1001 2399 ἀντιπάθειαν.
1050 2338 1161 2396 συνόδων
1175 2339 1202 2394 αἱ
1215 2335 1349 2406 αῦξήσεις·
1367 2337 1515 2406 πλεονάζειν
1528 2337 1554 2396 δὲ
1570 2339 1615 2396 καλ
1626 2339 1711 2418 χρόνῳ
1722 2340 1767 2398 καί
1780 2340 1828 2397 τά·

226 2425 290 2486 Ὅτι
305 2427 351 2504 μίν
366 2419 437 2497 siah
452 2427 552 2507 ἱστορία
566 2426 751 2498 πεπίστευται,
766 2427 810 2484 καὶ
822 2417 892 2492 οῦτος
904 2425 1000 2505 εἴρηκε,
1049 2447 1090 2502 χει
1102 2423 1148 2490 τὰς
1161 2422 1288 2494 αὐξήσεις.
1302 2423 1358 2490 Τὰς
1373 2424 1395 2481 δ’
1409 2425 1538 2491 ἐνιαυσίας
1552 2423 1625 2505 παρὰ
1635 2428 1720 2486 τῶνέν
1734 2427 1829 2487 Γαδεί-

228 2516 273 2572 καί
285 2517 360 2589 ἡμεῖς
373 2517 398 2574 ἐν
411 2519 463 2580 τοῖς
477 2513 630 2594 παραδόξοις
648 2514 828 2592 θρυλουμένην
838 2514 1005 2592 παρειλήρα-
1051 2535 1102 2592 ροις
1115 2511 1239 2569 πυθέσθαι
1256 2511 1335 2591 φησί,
1347 2509 1473 2589 λεγόντων
1486 2514 1520 2576 ὣς
1536 2511 1603 2570 κατὰ
1618 2511 1716 2591 θερινάς
1731 2512 1829 2592 τροπὰς

230 2625 276 2676 μεν
289 2604 345 2660 κτλ.
1051 2598 1165 2676 μάλιστα
1179 2597 1294 2666 αὑξοιντο
1308 2599 1352 2656 καί
1362 2600 1389 2656 αί
1397 2599 1576 2678 ἀναχωρήσεις
1586 2599 1631 2658 καί
1641 2603 1668 2658 αἱ
1684 2599 1827 2667 ἐπιδόσεις.

249 2741 252 2747 ,
267 2690 324 2746 Οὐκ
335 2679 391 2747 οἰδα
407 2687 434 2746 δέ
444 2692 497 2753 πῶς
507 2689 565 2745 κατ’
576 2687 642 2745 ἀλλα
658 2685 752 2750 δεινούς
766 2686 913 2766 ἀποφαίνειν
927 2689 1005 2746 isso·
1052 2687 1158 2754 Εἰκάζεε
1170 2689 1193 2743 δ’
1210 2684 1285 2749 αὗτδς
1308 2683 1360 2742 ἀπὸ
1374 2689 1426 2742 τῦιν
1441 2689 1544 2764 τροπῶν
1567 2691 1700 2763 μειοῦσθαι
1716 2685 1763 2762 μὲν
1781 2686 1830 2752 έως

229 2776 359 2842 σειδώνιος
384 2774 443 2842 τοῦς
467 2775 610 2850 Φοίνικας,
642 2779 751 2832 ἐνταῦθα
775 2775 876 2854 μωρίαν
906 2776 1005 2850 μᾶλλον
1051 2771 1203 2852 ἰσημερίας,
1220 2772 1341 2840 αὔξεσθαι
1361 2771 1388 2830 δί
1403 2770 1451 2838 έως
1470 2777 1624 2852 χειμερινῶν
1637 2776 1753 2852 τροπῶν·
1771 2765 1828 2832 εἰτα

228 2863 244 2934 ἢ
258 2865 402 2943 δριμύτητα
418 2864 503 2920 αὐτῶν
526 2863 697 2938 κατέγνωκεν.
720 2861 823 2938 Ἥμίρα
839 2860 886 2937 μίν
897 2857 947 2942 γάρ
961 2859 1006 2918 καλ
1052 2865 1185 2934 μειοῦσθαι
1200 2858 1278 2937 μέχρι
1288 2861 1390 2938 ἐαρινῆς
1401 2859 1548 2939 ἰσημερίας·
1561 2850 1610 2917 εἰτ’
1618 2859 1735 2928 αὔξεσθαι
1750 2860 1829 2940 μέχρι

226 3029 306 3078 cietur
319 3029 405 3088 modo,
423 3041 499 3090 qurum
513 3026 559 3076 soh
573 3027 758 3076 exundationes
771 3027 843 3076 maris
857 3025 965 3084 deiciat,
981 3027 1005 3073 et
1050 3026 1121 3072 nocte
1130 3023 1252 3084 metimur,
1263 3026 1355 3084 partem
1365 3036 1450 3086 supra,
1464 3025 1555 3086 partem
1567 3024 1727 3074 intraterram
1740 3037 1769 3074 eo
1778 3025 1829 3074 exi-

228 3105 347 3155 ‹totluente
357 3119 387 3156 ου
397 3105 533 3167 impleatur.
548 3103 800 3152 Causamreioonlert
813 3103 946 3152 inuentum
962 3101 1004 3162 qui
1050 3105 1129 3164 gente.
1139 3105 1195 3150 lam
1214 3102 1428 3152 itterradltooeaut
1442 3106 1537 3152 motum
1548 3103 1637 3152 imitari
1651 3105 1830 3154 consessionem

228 3182 370 3244 eprotundo
379 3183 403 3230 in
415 3181 565 3243 superficiem
572 3184 642 3228 terrae
652 3180 823 3240 euersumque
831 3178 1006 3241 surperhoiesuh
1051 3181 1189 3239 oreleslem,
1207 3193 1305 3242 esseque
1316 3183 1403 3230 malum
1422 3183 1496 3230 maris
1514 3182 1588 3230 aliurn
1606 3181 1735 3243 diurnum,
1756 3181 1831 3230 aliurn

225 3258 303 3308 rueris
312 3258 402 3308 alliusu
417 3258 448 3306 ah
459 3257 527 3318 nouis
537 3259 669 3318 occupatu,
686 3259 800 3316 uentum,
811 3268 887 3317 quum
900 3255 948 3303 suis
957 3254 1004 3303 exi·
1051 3271 1176 3319 anunm,
1198 3258 1229 3307 sd
1241 3259 1323 3308 lunam
1340 3261 1408 3308 cerlo
1422 3259 1493 3308 modo
1510 3259 1598 3308 sitnon.
1612 3262 1692 3316 Quum
1701 3260 1831 3310 tummim

229 3335 294 3384 tilius
303 3335 378 3384 solitis
387 3335 502 3396 privetur,
513 3333 641 3382 introrsum
650 3333 752 3392 reuerti,
765 3331 940 3392 obstructisque
950 3331 1004 3380 lun·
1052 3336 1121 3385 unlus
1130 3337 1190 3398 signi
1198 3337 1275 3398 εςιειίο
1282 3349 1354 3399 ευμεν
1368 3337 1517 3386 horizontem
1530 3337 1648 3398 elevatur,
1659 3342 1712 3386 tum
1724 3338 1830 3390 intume-

228 3414 259 3462 tis
270 3412 387 3462 meatibus
395 3425 469 3472 aquas
481 3409 1006 3472 intercludere,rursumquedenudatoaquis
1050 3425 1116 3462 scere
1124 3427 1190 3464 mare
1199 3417 1223 3462 et
1234 3413 1258 3462 in
1271 3417 1359 3462 terram
1372 3414 1469 3464 effluere
1479 3416 1487 3474 (
1493 3414 1557 3476 quod
1570 3415 1642 3464 etisrn
1658 3428 1742 3464 sensus
1756 3416 1831 3477 possit

228 3489 367 3550 superficie,
390 3490 455 3538 recta
470 3489 599 3536 exeuntem
615 3499 688 3536 senas
701 3487 772 3536 tontis
794 3485 894 3536 liberare
913 3486 1006 3536 obstru-
1050 3489 1202 3552 percipere),
1215 3489 1287 3552 idque
1297 3503 1373 3552 nsque
1384 3490 1443 3540 dum
1456 3491 1485 3538 ad
1499 3491 1605 3540 medium
1615 3492 1670 3540 creti
1679 3491 1831 3554 lunaperse-

229 3567 321 3624 etione,
333 3569 405 3626 atque
414 3564 448 3614 ita
459 3566 512 3613 tum
523 3575 611 3625 aquom
621 3564 715 3625 copiose
725 3563 832 3613 ebullire.
844 3562 1006 3613 Artemidorus
1050 3569 1108 3618 niet.
1126 3569 1185 3619 lnde
1194 3569 1327 3619 declinante
1333 3573 1410 3629 astro,
1424 3569 1539 3632 paulatim
1547 3583 1613 3619 mare
1623 3569 1760 3630 abscedere,
1770 3569 1830 3619 dnm

225 3645 308 3692 sutem
318 3643 376 3692 dum
390 3642 462 3702 huius
473 3642 617 3692 sententiam
635 3643 687 3691 solt
699 3642 819 3702 retollere,
830 3641 951 3704 aliamque
961 3655 1006 3691 ase
1051 3657 1100 3694 uno
1120 3649 1216 3694 tantum
1234 3647 1300 3707 signo
1318 3646 1349 3694 ah
1360 3659 1444 3694 occesu
1457 3645 1519 3694 ehsit
1536 3645 1593 3695 luna
1610 3665 1616 3694 ι
1633 3647 1687 3696 tum
1703 3646 1832 3697 consistere

148 3731 155 3749 ·
226 3733 324 3770 ωυεαεα
340 3720 515 3782 prolert,tecta
523 3720 594 3770 sirnul
603 3720 726 3769 sententie
737 3720 810 3770 Sileni
822 3719 928 3768 historici
937 3733 1004 3768 men·
1050 3721 1493 3788 ipsumtantotcmporequeololuna
1510 3721 1631 3783 adipsum
1645 3735 1760 3772 omasum
1774 3737 1830 3786 per·

229 3783 500 3859 ione,iadtgnsrelatu
517 3795 767 3845 mihisideturdicere
783 3797 887 3858 :quippe
899 3799 1006 3858 quumel
1051 3798 1152 3858 rexerit,
1174 3799 1232 3846 item
1249 3800 1316 3846 muto
1327 3801 1419 3858 quanto
1436 3797 1498 3847 intra
1510 3801 1598 3847 terram
1618 3799 1663 3848 sub
1680 3799 1830 3850 horizontem

229 3877 278 3938 lpse
287 3877 312 3924 et
326 3874 421 3924 silanus
431 3873 516 3922 harum
529 3872 617 3922 tuerint
627 3885 707 3920 rerum
719 3872 798 3922 rudes.
817 3877 848 3921 at
867 3873 1006 3922 Posidonius
1051 3873 1121 3922 unius
1134 3873 1195 3934 signi
1212 3873 1348 3935 quantitate
1364 3873 1529 3924 descenderit:
1542 3874 1628 3924 exinde
1642 3889 1740 3926 rursum
1756 3877 1830 3926 incre·

229 3954 336 4004 inhiatis
347 3953 409 4002 hanc
418 3951 579 4002 narrationem
594 3951 725 4012 demueos,
742 3951 802 4000 duos
818 3951 852 4000 ait
862 3951 887 4000 in
898 3951 1006 4000 llerculis
1051 3963 1132 4011 scere,
1142 3951 1255 4000 donecad
1270 3950 1375 4000 medium
1385 3952 1438 4000 emti
1447 3952 1510 4000 intre
1520 3955 1610 4004 ῐεεεαω
1626 3953 1683 4002 luna
1692 3953 1811 4016 appulerit
1822 3976 1828 4004 ι

229 4032 318 4100 templo
328 4043 378 4080 esse
388 4032 484 4091 puteos,
499 4031 523 4078 et
534 4030 558 4078 lu
566 4028 626 4077 urhe
632 4028 732 4078 tertium
744 4043 749 4075 :
767 4041 851 4077 eorum
860 4029 901 4090 qui
910 4029 966 4078 sunt
975 4028 1005 4078 ad
1050 4029 1131 4087 postea
1142 4027 1229 4076 iterum
1240 4027 1363 4088 recedere,
1373 4027 1514 4089 usquedum
1524 4041 1606 4078 sersus
1614 4031 1697 4078 ortum
1705 4043 1829 4092 progreoea
1917 4045 1919 4048 ·

230 4109 352 4168 lterculis,
364 4108 497 4169 minorem„
513 4121 589 4169 quum
601 4108 789 4156 mutincnterex
800 4119 899 4169 meque
908 4107 1004 4156 hauria-
1050 4103 1106 4152 irene
1117 4104 1184 4164 signo
1192 4118 1240 4154 uno
1249 4105 1395 4153 horizontem
1410 4117 1435 4152 se
1445 4105 1531 4154 hahmt
1540 4104 1650 4154 eltiorom
1660 4121 1668 4154 :
1679 4109 1733 4155 tum
1743 4106 1829 4158 eodem

229 4193 279 4248 tur,
289 4199 318 4236 ee
329 4185 380 4248 ipsa
386 4185 447 4234 hora
460 4185 557 4244 necari,
574 4197 717 4246 rursumque
729 4184 836 4245 impleri,
853 4183 894 4232 ubi
901 4183 1004 4234 desitum
1025 4247 1027 4252 Ι
1050 4182 1112 4229 stetu
1125 4192 1235 4240 minnere,
1246 4181 1323 4230 donec
1332 4194 1362 4230 eu
1374 4181 1440 4242 sigito
1450 4194 1498 4230 uno
1507 4176 1656 4232 horizontem
1665 4186 1762 4244 superet
1770 4184 1827 4234 alti·

229 4264 301 4314 tuerit
311 4263 408 4324 aquari:
421 4262 537 4322 majorem
549 4261 674 4310 totiusdiei
688 4261 810 4322 aquationi
825 4261 947 4320 sufficere,
959 4261 1005 4309 mi·
1050 4258 1133 4308 tudine
1146 4279 1152 4308 ι
1163 4259 1249 4308 exinde
1259 4259 1385 4308 rursumin
1401 4262 1489 4308 terram
1499 4260 1574 4309 exire.
1592 4263 1662 4310 lluue
1672 4273 1729 4324 ergo
1745 4262 1829 4313 eitille

230 4343 270 4390 riui
282 4340 381 4403 quidem
393 4339 471 4400 ipsum
483 4337 765 4400 quoquemorealiorum
776 4339 917 4399 puteorum,
929 4350 1004 4398 aque·
1052 4333 1123 4384 rnaris
1142 4349 1192 4384 esse
1203 4335 1317 4384 diurnum
1336 4333 1473 4384 circuitum.
1492 4339 1642 4386 Menstruum
1658 4349 1745 4399 ροτεο,
1761 4340 1828 4402 quod

228 4420 294 4468 tione
303 4422 383 4468 eutem
393 4421 466 4467 noctu
476 4421 584 4467 cesseme
592 4417 677 4477 repleri
689 4419 731 4464 :et
741 4429 816 4478 qurum
834 4415 859 4463 in
871 4415 1006 4478 repletionis
1050 4414 1148 4463 maximi
1158 4415 1264 4464 retlusus
1272 4413 1410 4472 contingunt
1419 4414 1482 4462 circa
1493 4415 1656 4476 novilunium,
1673 4415 1828 4466 deindedom

228 4501 324 4559 tempu,
335 4495 425 4546 ineidat
439 4509 487 4544 „0⁰
500 4508 553 4544 mm
562 4493 635 4542 mm
645 4492 769 4554 defluxus,
780 4493 896 4543 empnam
911 4505 962 4543 m
975 4493 1006 4542 ιη
1050 4496 1118 4544 mque
1126 4483 1234 4545 portione
1246 4483 1269 4531 di
1275 4483 1324 4531 uisa
1339 4483 1448 4532 ridentur
1458 4484 1529 4544 lone,
1540 4485 1616 4534 minui
1630 4501 1637 4534 r
1653 4485 1709 4534 trine
1729 4500 1827 4538 rursum

228 4573 315 4623 incolis
323 4573 388 4622 illam
406 4572 599 4621 contrarietatem
617 4570 765 4628 allectionis,
778 4570 885 4619 insaniter.
897 4569 1005 4619 ilistorim
1050 4571 1125 4620 usqne
1137 4559 1167 4608 111
1177 4559 1333 4620 θίθῦῑίΰῦίΰθὶ
1343 4559 1438 4620 iugeri»
1451 4563 1475 4608 θῑ
1486 4559 1562 4608 minut
1572 4561 1759 4624 scindensque
1767 4561 1827 4612 (¹¹¹¹ss

229 4649 777 4711 quidumnureuoemaonnamruroequum
788 4648 827 4696 ure
843 4649 888 4706 ast,
898 4650 950 4696 sum
962 4659 1005 4695 nos
1049 4634 1405 4684 11111111111111111111111
1422 4635 1758 4701 11111111111111111ε111111
1772 4653 1827 4688 111·

230 4729 254 4776 in
275 4729 403 4790 divulgatis
416 4742 497 4778 rerum
516 4729 683 4778 inusitatorum
704 4728 878 4776 narrationibus
891 4725 1004 4774 traditum
1049 4724 1102 4758 ⁵⁰⁰¹
1120 4710 1150 4759 td
1167 4711 1256 4758 “istum
1274 4724 1348 4772 11511111
1359 4724 1466 4760 1311181111
1482 4731 1487 4758 ²
1505 4717 1627 4762 1111111111
1640 4713 1789 4764 inmmerito
1802 4719 1827 4765 et

230 4805 368 4865 reperimus.
480 4793 482 4798 ’
1049 4789 1156 4849 tempore
1165 4791 1189 4835 et
1199 4787 1319 4836 celeritate
1329 4799 1380 4835 sese
1389 4800 1509 4848 soporare.
1526 4794 1624 4838 innuas
1634 4789 1738 4852 denique
1753 4793 1828 4841 meris

260 4879 344 4930 Nescio
353 4887 432 4930 ,ulem
442 4883 483 4942 φη
495 4881 585 4931 Mum
597 4880 628 4929 sp
639 4883 666 4930 ,η
676 4879 828 4939 posidonius,
839 4881 862 4927 η,
873 4879 958 4928 onmis
967 4893 1005 4928 fe,
1049 4864 1112 4912 vices
1126 4877 1151 4912 se
1168 4877 1182 4911 a
1201 4862 1325 4912 Gsrlitsnis
1341 4861 1423 4912 suditu
1434 4863 1572 4925 cognovisse
1579 4865 1613 4914 ait
1625 4885 1631 4913 :
1643 4865 1677 4914 ita
1692 4867 1757 4915 enlm
1771 4867 1827 4918 illos

230 4957 482 5018 husacomentngenii
497 4957 649 5006 Phoenleihus
666 4957 786 5014 tribuens,
803 4957 878 5018 magis
894 4956 1004 5005 hocloco
1052 4941 1160 5002 ῑῐθθθῑθε
1181 4941 1244 4989 ὓῑθῢθ
1266 4941 1375 4990 “snitum
1394 4940 1523 4990 ”milium
1543 4955 1650 4992 ‘milli
1669 4957 1827 5008 &limittit

229 5048 270 5082 eos
281 5033 359 5082 lstuos
370 5046 442 5095 qurum
452 5033 551 5084 subtiles
555 5033 654 5094 juadicrt.
666 5033 912 5083 solisconrersionem
922 5033 960 5083 die
976 5049 1004 5084 ae
1049 5019 1121 5066 ¹¹¹³?ss
1132 5017 1236 5066 ''lilim‘'
1246 5017 1324 5077 tntilli
1334 5030 1374 5076 1111
1384 5030 1439 5065 lem
1450 5017 1612 5077 10111111111111
1623 5019 1713 5082 ΜΝ,
1728 5021 1825 5072 widem
