3886 5740
679 328 890 390 ATHENAEUS
912 325 1164 388 uinculum.

128 463 288 543 Ἐπιφοίνους
308 463 361 529 υίὸς
381 459 549 530 ὓποῦληθείς,
563 459 594 518 δι’
614 458 629 518 δ
648 451 717 538 εἶχον
739 467 813 534 μῖσος
836 459 902 515 πόν-

127 575 169 618 τες
183 551 311 628 ἄνθρωποι
326 552 361 616 είς
372 547 521 626 Δημήτριον
529 569 536 584 ·
545 546 603 626 περὶ
615 538 645 605 οῦ
659 545 796 624 ἱστόρησεν
808 550 821 604 ό
834 549 903 604 ἑταῖ-

129 661 170 712 ρος
182 641 257 714 ἡμῶν
270 635 402 707 Ἀθήναιος
416 635 504 699 ἐντοῖς
515 634 581 714 Περὶ
595 638 646 692 τῶν
661 637 688 692 ἐν
702 633 787 712 Συρίᾳ
801 633 905 709 βεῦασι-

127 725 265 786 λευκότων.
281 724 321 784 Tb
334 715 378 782 οῦν
392 721 536 798 συμπόσιον
550 727 626 780 τοῦτο
640 721 736 780 τοιόνδε
751 743 776 778 τι
790 719 901 796 ἐγένετο.

127 811 250 889 Διογένης
263 816 278 870 ό
291 810 483 890 Ἐπικούρειος,
498 807 548 876 έξιν
568 808 637 887 ἔχων
652 807 743 878 ἱκανὴν
756 809 782 866 ἐν
796 800 833 874 οἷς
856 831 905 883 μεα

126 899 281 980 τεχειρίζετο
295 899 394 976 λόγοις,
408 897 437 955 τό
452 894 499 972 μέν
513 895 584 974 γένος
598 887 629 967 ἦν
645 899 674 954 ἐκ
687 895 842 961 Σελευκείας
857 899 904 966 τῆς

126 987 153 1044 ἰν
167 985 321 1056 Βαὸυλῦννι,
346 985 475 1062 ἀναδοχῆς
494 983 517 1041 δ’
536 982 662 1060 ἐτύγχανε
677 981 749 1060 παρὰ
764 987 809 1040 τοῦ
825 985 904 1060 βασι-

126 1072 204 1144 λέως,
225 1071 311 1131 καίτοι
336 1079 388 1137 τοῖς
412 1073 464 1128 ἀπὸ
486 1074 531 1140 τῆς
555 1079 632 1135 στοᾶς
654 1068 738 1146 λόγοις
758 1068 902 1147 χαίροντος.

126 1158 289 1239 Ἐπολυιίνρει
300 1149 344 1217 οῦν
356 1156 433 1216 αὐτὸν
450 1160 465 1214 ὁ
482 1155 660 1234 Ἀλέξανδρος,
677 1156 772 1234 καίπερ
791 1155 852 1213 ὄντα
866 1159 904 1236 τῷ
926 1151 929 1172 “

128 1247 177 1326 βίῳ
190 1249 297 1326 φαῦλον,
313 1245 350 1304 ἔτι
362 1245 388 1304 di
406 1243 559 1323 βλάσφημον
573 1244 619 1302 καὶ
634 1243 774 1320 βάσκανον,
790 1241 865 1300 ἕνεκά
876 1265 917 1300 ιε’

126 1340 171 1394 τοῦ
185 1333 285 1412 γελοίου
299 1331 365 1408 μηδὲ
376 1335 428 1390 τῶν
442 1330 569 1409 βασιλέων
581 1328 756 1408 ἀπεχόμενον·
771 1327 816 1386 καὶ
829 1331 905 1400 σίτη-

127 1420 232 1500 σαμίνῳ
252 1423 323 1499 αὐτῷ
350 1417 501 1500 φιλοσοφίας
525 1417 664 1496 ἀλλοτρίαν
690 1414 806 1488 σίτησιν,
834 1415 904 1482 ὅπως

126 1513 271 1590 πορφυροῦν
284 1531 312 1566 τε
325 1506 478 1586 χιτωνίσκον
494 1509 562 1586 φορῇ
580 1505 625 1563 καὶ
639 1509 751 1584 χρυσοῦν
767 1503 901 1583 στέφανον,

127 1591 220 1674 ἔχοντα
236 1595 375 1675 πρόσωπον
390 1595 483 1674 ἀρετῆς
496 1593 565 1652 κατὰ
582 1591 671 1668 μέσον,
688 1585 718 1664 ἧς
736 1589 818 1671 ίερεῦς
832 1589 904 1662 ἠξίου

126 1680 378 1760 προσαγορεύεσθαι,
392 1678 558 1759 συνεχώρησε
570 1679 614 1737 καί
628 1679 672 1736 τὸν
686 1675 811 1758 στέφανον
823 1701 905 1757 προσ-

71 1765 73 1770 ’
126 1767 311 1847 χαρισάμενος.
331 1766 414 1846 Ἄπερ
426 1771 440 1824 ὁ
451 1765 588 1846 Διογένης,
601 1765 717 1844 ίρασθείς
729 1787 795 1830 τινος
806 1767 904 1844 λυσιιμ-

126 1857 170 1914 δοῦ
185 1853 318 1934 γυναικὸς,
332 1854 473 1934 ἐχαρίσατο
488 1856 565 1932 αὐτῇ.
581 1852 706 1920 ’λκοῦσας
721 1851 743 1910 δ’
757 1856 770 1908 ὁ
786 1851 903 1919 Ἀλέξαν-

127 1945 199 2022 δρος,
213 1942 257 2000 καὶ
273 1940 427 2020 συναγαγὼν
439 1941 585 2022 φιλοσόφων
595 1939 640 1998 καί
655 1939 791 2016 ἐπισήμων
806 1941 904 2018 ἀνδρῶν

127 2029 281 2106 συμπόσιον,
295 2029 403 2088 ἐκάλεσε
415 2028 460 2086 καί
475 2029 518 2086 τὸν
532 2027 641 2105 Διογένη
652 2051 659 2064 ·
670 2027 717 2085 καὶ
729 2028 905 2105 παραγενόμε·

126 2141 168 2176 νον
179 2116 251 2189 ἠξίου
265 2115 481 2186 κατακλίνεσθαι,
498 2115 592 2194 ἔχοντα
606 2113 649 2172 τὸν
663 2113 787 2193 στέφανον
799 2113 844 2172 καὶ
857 2113 905 2186 τὴν

127 2207 232 2276 ἐσθῆτα.
252 2201 374 2282 Ἄκαιρον
388 2205 410 2260 δ’
426 2192 492 2261 εἶναι
506 2201 633 2271 εἰπόντος,
647 2201 740 2267 νεύσας
755 2203 904 2277 εἰσαγαγεῖν

128 2293 246 2351 ἐκέλευσε
255 2289 288 2350 τό
299 2290 469 2366 ἀκούσματα,
485 2292 512 2347 ἓν
522 2281 558 2356 οἷς
568 2289 613 2347 καὶ
625 2294 641 2360 ἡ
651 2288 777 2369 λυσιῳδὸς
789 2291 905 2360 εἰσῆλθεν

127 2379 326 2460 ἐστεφανωμένη
336 2378 378 2437 τὸν
389 2383 435 2448 τῆς
446 2381 538 2458 ἀρετῆς
549 2376 684 2458 στέφανον,
697 2380 790 2436 ἐνδῦσα
803 2377 848 2436 καὶ
858 2377 905 2449 τὴν

126 2475 259 2547 πορφυρᾶν
270 2469 376 2538 ἐσθῆτα.
394 2465 510 2531 Γέλωτος
522 2457 565 2524 οῦν
576 2467 675 2524 πολλοῦ
687 2465 904 2545 καταρραγέντος,

128 2554 215 2631 ἔμενεν
232 2560 246 2614 ὁ
265 2554 417 2635 φιλόσοφος,
437 2554 482 2612 καί
502 2553 550 2625 τὴν
571 2553 696 2634 λυσιῳδὸν
720 2556 833 2612 ἐπαινῶν
859 2557 905 2612 οὐκ

128 2643 269 2702 ἐπαύσατο.
281 2646 307 2702 Τ
307 2647 380 2700 οῦτον
392 2641 434 2700 τόν
448 2642 557 2718 Διογένη
571 2643 584 2699 ό
598 2639 755 2717 μεταλαὸὼν
767 2639 813 2710 ehu
827 2645 906 2718 βασι-

128 2729 200 2788 λείαν
215 2729 355 2808 Ἀντίοχος,
377 2730 424 2786 οὐκ
447 2727 550 2805 ένέγκας
565 2729 645 2785 αὐτοῦ
669 2725 715 2797 τὴν
737 2727 906 2804 κακολογίαν,

128 2818 311 2898 ἀποσφαγῆναι
323 2815 468 2874 ἐκέλευσεν.

167 2907 253 2980 Apud
272 2905 387 2962 Suidam
407 2924 435 2959 ν.
460 2901 571 2978 Τίμαιος
594 2906 683 2980 glossa
709 2915 796 2960 exstat
815 2905 873 2959 haec
899 2925 905 2960 :

127 2987 246 3074 Ἔγραψε
258 2990 319 3070 περὶ
334 2989 431 3070 Συρίας
446 2986 554 3048 καὶτῶν
568 2992 593 3048 έν
606 2993 671 3070 αὐτῇ
686 2990 785 3050 πόλεων
799 2989 842 3047 καί
856 2994 907 3069 βα-

128 3078 231 3151 σιλέων,
250 3076 339 3156 βιῦλία
353 3076 389 3154 γ’.
416 3079 458 3133 De
477 3079 571 3133 Timaei
586 3080 671 3134 Siculi
694 3079 810 3134 historia
828 3079 906 3152 Syris

127 3167 321 3224 nihilcunstat.
332 3167 457 3222 Fortasse
466 3166 584 3220 Timaeus
596 3185 660 3220 eum
670 3167 802 3222 Athenaeo
810 3177 907 3220 nostro

127 3254 320 3311 confunditur.

1247 470 1429 558 JUDAS.

990 662 1000 684 ν
1017 635 1105 690 ludas
1118 637 1267 690 historicus
1282 645 1309 688 et
1331 634 1480 708 theologus
1494 636 1536 688 De
1554 635 1729 706 septuaginta

950 723 1027 795 apud
1045 723 1191 778 Danielem
1210 721 1438 776 hebdomadibus
1459 721 1616 794 plenissime
1633 720 1728 792 dispu-

949 812 1018 863 tavit
1041 821 1070 864 et
1091 810 1347 883 chronographiam
1368 809 1550 881 superionrm
1568 818 1729 881 temporum

948 915 1036 970 usque
1059 897 1097 951 ad
1119 897 1258 952 decimum
1279 897 1374 950 Severi
1399 895 1533 968 perduxit
1555 913 1676 962 annum,
1696 907 1729 950 ut

949 983 1035 1038 tradit
1048 983 1183 1038 Eusebius
1198 985 1267 1038 illst.
1283 983 1388 1037 Eccles.
1404 984 1453 1050 Vl,
1467 1002 1493 1052 γ,
1506 972 1538 1036 ac
1552 983 1725 1056 Nicephorus

950 1073 996 1136 lv,
1009 1071 1057 1143 34,
1067 1089 1082 1125 e
1094 1072 1201 1126 Latinis
1209 1071 1276 1124 item
1287 1069 1473 1140 Hieronymus
1484 1069 1512 1121 in
1523 1069 1608 1124 Catal.
1618 1071 1724 1142 serunt.

949 1159 1048 1214 illustr.
1063 1178 1089 1212 c.
1105 1155 1152 1214 52.
1168 1181 1180 1206 ν
1199 1161 1318 1212 Vossius
1330 1174 1360 1228 p.
1377 1153 1442 1210 285.

1264 1339 1272 1344 -
1279 1330 1410 1353 -mo-
1418 1339 1425 1346 ⁴

1036 1447 1641 1536 SEVERUSIMPERATOR.

988 1605 1106 1660 Severus
1118 1605 1273 1677 imperator
1288 1623 1356 1658 num
1369 1623 1458 1678 graece
1471 1622 1506 1659 an
1519 1606 1603 1658 latine
1616 1607 1657 1658 De
1672 1607 1727 1658 vita

948 1712 996 1748 sua
1010 1693 1149 1765 rebusque
1156 1693 1238 1766 gestis
1246 1693 1403 1765 scripserit,
1416 1711 1475 1748 non
1487 1693 1616 1746 traditur.
1629 1692 1728 1746 Graeco

948 1798 1159 1836 sermoneusum
1167 1797 1223 1834 esse
1230 1780 1639 1852 probabiliterstatuitVossius.
1649 1781 1730 1835 Certe

949 1869 1104 1941 imperator
1127 1869 1223 1920 latinis
1242 1872 1398 1940 graecisque
1419 1869 1505 1922 literis
1530 1868 1732 1921 eruditissimus

949 1957 1031 2010 luisse
1046 1955 1150 2009 dicitur
1162 1973 1207 2028 ap.
1221 1955 1359 2027 Spartian.
1377 1956 1405 2008 in
1417 1956 1520 2010 Severo
1533 1975 1558 2012 c.
1579 1974 1601 2008 1.
1617 1955 1658 2010 Cf.
1675 1957 1730 2010 Dio

949 2043 1021 2100 Cass,
1033 2043 1169 2108 LXXVI,
1187 2061 1232 2111 17·
1247 2033 1344 2097 Aurei.
1356 2043 1452 2096 Victor
1469 2043 1497 2094 in
1508 2043 1611 2096 Severo
1628 2059 1658 2113 p.
1673 2059 1726 2094 arr

950 2129 996 2186 ed.
1014 2129 1097 2186 Paris.
1115 2129 1184 2184 1681
1199 2146 1206 2186 ε
1221 2132 1330 2183 Latinis
1343 2131 1429 2182 literis
1438 2125 1614 2200 sufficienter
1627 2133 1728 2182 instru·

949 2229 1021 2285 criu,
1035 2223 1139 2288 graecis
1152 2217 1323 2271 sermonibus
1333 2217 1465 2273 eruditus.
1478 2217 1587 2270 Punica
1598 2217 1726 2288 cloquen-

951 2309 992 2358 tiu
999 2309 1165 2378 promptior,
1188 2309 1291 2378 quippe
1304 2309 1413 2378 genitur
1434 2305 1513 2375 apud
1531 2305 1640 2376 leptim
1660 2323 1729 2376 pro-

951 2396 1049 2446 uincioe
1063 2388 1179 2460 Africus.

1331 2523 1355 2561 1.

992 2646 1154 2718 Spartianus
1165 2647 1194 2699 iu
1206 2646 1261 2701 Vit.
1279 2647 1374 2700 Severi
1388 2665 1413 2700 c.
1430 2645 1445 2699 3
1462 2663 1468 2702 :
1485 2647 1663 2700 Tribunatum
1673 2647 1732 2718 ple·

952 2734 993 2786 his
1005 2733 1104 2788 Murco
1119 2737 1283 2804 inperatore
1296 2732 1459 2786 decernente
1465 2738 1637 2805 pronaeruit,
1652 2751 1730 2786 eum-

952 2839 1005 2892 que
1026 2824 1169 2874 severrime
1188 2825 1414 2891 exertissimeque
1435 2825 1500 2892 egit.
1523 2822 1644 2876 Uerrem
1666 2831 1730 2874 tunc

952 2907 1087 2960 Martiam
1100 2908 1193 2971 duxit,
1216 2907 1252 2959 de
1273 2923 1329 2978 qua
1349 2919 1455 2960 tacetur
1471 2912 1499 2960 in
1514 2910 1639 2962 Historia
1663 2911 1733 2962 uitoe

949 2999 1070 3067 priuata·
1087 3011 1095 3048 :
1112 2998 1157 3047 cui
1164 3005 1265 3066 pastea
1278 2997 1306 3045 in
1320 2999 1437 3066 imperio
1452 3005 1559 3048 statuas
1572 2997 1728 3052 collocavit.

1191 3123 1277 3180 ΒΙΟΣ
1300 3121 1485 3181 ΣΕΒΗΡΟΥ.

1327 3245 1354 3282 α.

993 3342 1146 3398 Herodian.
1158 3343 1200 3408 Il,
1215 3360 1233 3414 9
1248 3359 1254 3396 :
1270 3337 1377 3414 Ἥγεῖτο
1398 3339 1425 3396 δὲ
1447 3339 1570 3398 Παιόνων
1585 3339 1727 3397 πάντων...

953 3425 1069 3506 Σεῦῆρος
1086 3423 1151 3505 ἀνὴρ
1162 3425 1192 3483 τό
1204 3425 1333 3503 μὲνγένος
1345 3424 1442 3500 Attus,
1460 3428 1485 3492 ές
1502 3425 1528 3483 δὲ
1540 3425 1588 3497 τὴν
1599 3430 1651 3484 τῶν
1662 3449 1730 3502 πρα-

905 3535 907 3540 ·
953 3512 1059 3590 γμέτων
1072 3512 1196 3584 διοίκησιν
1208 3517 1323 3590 γενναῖος
1333 3511 1390 3588 ἅμα
1404 3513 1449 3570 καὶ
1459 3513 1609 3589 θυμοειδὴς,
1621 3515 1728 3592 σκληρῷ

128 3775 207 3824 regem
226 3765 372 3813 celebratum
391 3775 465 3812 :eum
483 3765 643 3814 Alexandrum
661 3763 729 3826 dico,
742 3767 783 3826 qui
798 3766 908 3815 Antiochi

128 3841 257 3904 itpiplunis
278 3840 339 3890 tilius
363 3843 415 3890 erat
434 3841 605 3904 supposititius
618 3845 714 3904 propter
734 3843 842 3892 omnium
863 3843 907 3892 ho·

128 3920 219 3968 minum
240 3917 355 3968 advenus
369 3919 516 3968 Demetrium
535 3919 637 3990 ostiumst
650 3921 680 3969 de
695 3935 744 3982 quo
755 3922 865 3984 exposuit
876 3922 908 3970 ia·

128 3996 227 4046 mittaris
237 3999 319 4045 noster
332 3995 460 4046 Attienaeus
472 3995 496 4044 in
508 3997 575 4048 libris
586 4010 646 4058 quos
660 4001 694 4046 De
705 4001 789 4060 syrim
802 3998 908 4061 [leuibus

128 4071 210 4122 edidit.
224 4075 281 4122 Erat
296 4075 378 4122 autem
397 4073 535 4122 conuiuium
553 4073 698 4134 hujusmodi.
722 4076 837 4138 Diogenes
853 4077 907 4138 tipi-

128 4164 228 4212 cureus,
243 4152 299 4200 satis
310 4151 334 4200 in
343 4165 372 4200 es
381 4152 489 4200 doctrina
501 4165 574 4212 quam
584 4153 708 4213 amplexus
721 4158 772 4202 erat
784 4157 906 4214 versatus,

128 4227 235 4282 minucia
255 4228 371 4276 oriundus
392 4229 548 4290 Babylonica,
570 4229 669 4290 benigno
691 4235 803 4292 aceeptus
827 4234 922 4280 tuerat·

128 4319 143 4352 a
161 4318 227 4366 rege,
240 4305 376 4354 Stoicorum
388 4305 443 4354 licet
459 4306 546 4368 placita
556 4307 630 4368 magis
644 4308 768 4369 probante.
786 4309 906 4370 ituncigi·

129 4385 169 4432 tur
186 4381 210 4431 ln
229 4382 320 4432 honore
334 4382 437 4432 habebat
452 4384 593 4444 Alexander,
611 4385 705 4434 tametsi
715 4389 738 4434 et
750 4385 823 4434 xitum
836 4399 906 4448 agen·

129 4462 179 4508 tem
193 4471 278 4522 pssum
297 4459 432 4518 honestam,
447 4460 476 4509 sd
492 4460 544 4508 haee
559 4461 701 4510 maledicum
716 4461 866 4525 etimidum,
884 4466 908 4514 et

129 4534 192 4584 risus
205 4532 316 4582 morendi
332 4547 445 4584 causaue
460 4535 553 4597 regibus
563 4536 660 4598 quidem
682 4541 826 4597 parcentem.
859 4541 906 4598 Qui

129 4611 907 4680 quunarogepeutsetremaptutosophtaqutuemsaturianum,

130 4691 156 4737 ut
164 4687 208 4736 sibi
222 4687 303 4740 liceret
311 4688 417 4737 tunicam
428 4691 521 4751 gestare
529 4703 688 4752 purpureum,
700 4695 724 4741 et
734 4705 832 4742 auream
840 4708 907 4744 cmo·

130 4775 195 4824 nim,
203 4775 259 4825 quae
268 4763 293 4812 in
305 4764 385 4813 medio
397 4766 520 4827 praeterret
532 4765 634 4816 Virtutis
640 4768 780 4830 imaginem,
791 4771 860 4832 cujus
868 4785 906 4822 sa·

130 4838 214 4888 nudos
229 4839 279 4901 ipsc
296 4840 392 4890 volebat
403 4842 528 4905 appeltam
540 4855 587 4892 non
598 4843 669 4892 modo
681 4849 798 4896 concessit
810 4849 831 4896 ei
851 4863 907 4911 rex,

130 4915 171 4965 sed
184 4917 209 4964 et
220 4928 332 4966 taronem
351 4917 448 4980 insuper
462 4919 526 4968 dono
542 4919 615 4970 dedit.
636 4924 701 4978 Quas
720 4935 758 4971 res
778 4925 907 4988 Diogenes,

131 5007 207 5056 quum
218 5006 301 5043 amore
309 4997 431 5046 tenuetur
440 4999 547 5048 mulieris
556 4999 680 5061 cuiusdam
691 5002 788 5064 lysimlm
800 5003 905 5066 (idest,

133 5072 317 5123 Bacchanalium
327 5070 493 5139 mutatriets),
507 5077 571 5127 dono
581 5077 614 5128 iili
623 5079 697 5130 dedit.
730 5081 799 5138 Quod
812 5083 852 5132 nbi
865 5097 907 5134 rex

230 5173 371 5209 statutum
388 5176 477 5212 uts'ton.
493 5179 532 5214 us.
547 5194 574 5204 ··
589 5181 642 5218 tot..
659 5185 683 5220 ΙΙΙ

954 3623 981 3658 τε
991 3599 1038 3679 βίῳ
1045 3600 1089 3658 καί
1094 3601 1186 3678 τραχεῖ
1191 3598 1369 3676 ένειθισμένος,
1378 3600 1463 3666 πόνοις
1473 3601 1500 3660 δέ
1509 3599 1625 3678 ἀντέχων
1638 3604 1731 3680 ῥᾷστα,

953 3765 1066 3827 rescivit,
1087 3767 1284 3828 philosophorum
1307 3767 1457 3830 altorumque
1476 3767 1603 3828 insignium
1624 3767 1732 3816 sitorum

952 3843 1088 3892 convivium
1098 3843 1210 3905 instituit,
1220 3844 1249 3892 sd
1260 3844 1366 3904 illudque
1378 3845 1505 3906 Diogenem
1515 3857 1613 3906 quoque
1621 3843 1731 3894 vocuvit:

951 3920 982 3969 ab
993 3933 1082 3982 eoque,
1092 3923 1120 3968 ut
1132 3921 1207 3979 veuit,
1220 3921 1366 3982 postulavit,
1382 3923 1410 3970 ut
1420 3933 1508 3969 corona
1524 3923 1549 3970 et
1560 3921 1624 3970 vesto
1634 3921 1675 3970 itta
1689 3933 1732 3970 or·

952 4002 1022 4048 natus
1032 3999 1192 4048 accumberet.
1207 4000 1252 4057 Qui
1267 4013 1343 4060 quum
1353 3999 1466 4058 dixisset,
1480 4000 1530 4048 iure
1542 3999 1566 4046 ut
1576 3999 1606 4048 sb
1615 3999 1658 4047 illo
1668 4001 1730 4048 tem·

952 4089 1009 4138 pore
1022 4078 1251 4139 iocoquealienum;
1272 4081 1332 4124 nutu
1345 4077 1402 4124 dato
1420 4090 1463 4125 rex
1474 4077 1602 4126 intromitti
1620 4081 1731 4130 matures

949 4155 1036 4215 jussit:
1052 4167 1156 4216 quorum
1167 4154 1190 4202 in
1201 4167 1301 4202 numero
1309 4153 1407 4202 intrarit
1416 4153 1487 4202 etism
1499 4153 1603 4214 issimis,
1616 4167 1730 4202 coronam

951 4230 1048 4280 virtutis
1065 4231 1087 4278 iu
1098 4231 1175 4292 capite
1191 4233 1298 4292 gestans,
1319 4231 1393 4290 auiae
1412 4231 1484 4278 etiam
1499 4243 1643 4292 purpureum
1665 4231 1730 4280 ittam

951 4311 1040 4356 vestem
1050 4307 1142 4356 inuuu.
1154 4309 1216 4356 Tum
1226 4307 1303 4356 mutto
1315 4306 1401 4354 obortu
1413 4307 1475 4366 risu,
1490 4306 1549 4356 nihil
1558 4307 1668 4356 turbatus
1679 4307 1731 4367 phi·

952 4383 1077 4445 losephus,
1085 4382 1182 4432 laudare
1193 4383 1308 4446 lysiodum
1316 4383 1396 4444 currit,
1408 4397 1451 4432 nec
1462 4383 1576 4432 laudandi
1588 4382 1659 4433 tinem
1668 4383 1729 4432 tecit.

951 4461 1029 4521 liujus
1055 4459 1167 4522 Diogenis
1190 4459 1379 4510 maledicentiam
1407 4473 1455 4508 non
1485 4461 1561 4510 terens
1584 4459 1729 4518 Antiochus,

952 4537 1079 4587 Alexandri
1091 4537 1114 4584 in
1127 4549 1199 4598 regno
1210 4549 1340 4596 suecessm,
1348 4537 1451 4598 jugulari
1459 4537 1578 4586 hominem
1588 4537 1664 4598 jussit

1208 4641 1297 4702 ‚VlTA
1322 4643 1468 4700 sevum.

1326 4760 1350 4806 2.

983 4855 1086 4904 Praeerat
1104 4854 1231 4904 t’snmutts
1251 4855 1368 4904 universis
1390 4858 1504 4915 seierus,
1525 4867 1611 4916 genere
1631 4853 1729 4916 quidum

952 4931 1017 4990 Ater,
1036 4931 1078 4980 sed
1093 4930 1123 4980 sd
1137 4944 1174 4980 res
1187 4930 1386 4980 administrandas
1401 4932 1487 4982 suetis
1506 4934 1580 4993 etque
1601 4930 1725 4980 animosus

951 5007 1066 5070 duraeque
1077 5008 1133 5057 rino
1146 5021 1174 5056 sc
1188 5020 1277 5069 aspera
1291 5007 1414 5070 insuetus,
1427 5008 1599 5070 laboribusque
1609 5007 1730 5058 sufficiens

952 5086 1081 5136 facillime:
1096 5090 1148 5136 tum
1159 5087 1182 5134 in
1192 5087 1350 5149 excogitando
1367 5089 1465 5149 seirius,
1479 5090 1531 5136 tum
1550 5087 1574 5136 in
1594 5087 1729 5148 excogitato

1569 5225 1593 5262 tt
