<?xml version="1.0" encoding="UTF-8"?>
<!DOCTYPE html PUBLIC "-//W3C//DTD XHTML 1.0 Transitional//EN"
    "http://www.w3.org/TR/xhtml1/DTD/xhtml1-transitional.dtd">
<html xmlns="http://www.w3.org/1999/xhtml" xml:lang="en" lang="en">
 <head>
  <title>
</title>
<meta http-equiv="Content-Type" content="text/html;charset=utf-8" />
  <meta name='ocr-system' content='tesseract 3.04.00' />
  <meta name='ocr-capabilities' content='ocr_page ocr_carea ocr_par ocr_line ocrx_word'/>
</head>
<body>
  <div class='ocr_page' id='page_1' title='image "./fragmentahistor00antgoog_0119.png"; bbox 0 0 3974 5724; ppageno 0'>
   <div class='ocr_carea' id='block_1_1' title="bbox 626 337 1729 452">
    <p class='ocr_par' dir='ltr' id='par_1_1' title="bbox 626 337 1729 452">
     <span class='ocr_line' id='line_1_1' title="bbox 626 337 1729 452; baseline 0.004 -56"><span class='ocrx_word' id='word_1_1' title='bbox 626 413 641 452; x_wconf 42' lang='lat' dir='ltr'><em>O</em></span> <span class='ocrx_word' id='word_1_2' title='bbox 677 337 898 397; x_wconf 74' lang='lat' dir='ltr'><strong>releuatus</strong></span> <span class='ocrx_word' id='word_1_3' title='bbox 920 338 1167 402; x_wconf 73' lang='lat' dir='ltr'><strong>FRAGMENTA.</strong></span> <span class='ocrx_word' id='word_1_4' title='bbox 1675 351 1729 401; x_wconf 79' lang='lat' dir='ltr'><strong>tas</strong></span> 
     </span>
    </p>
   </div>
   <div class='ocr_carea' id='block_1_2' title="bbox 128 467 1735 806">
    <p class='ocr_par' dir='ltr' id='par_1_2' title="bbox 128 467 1735 806">
     <span class='ocr_line' id='line_1_2' title="bbox 130 467 1730 548; baseline 0.004 -26"><span class='ocrx_word' id='word_1_5' title='bbox 130 469 209 524; x_wconf 90' lang='lat' dir='ltr'><strong>circa</strong></span> <span class='ocrx_word' id='word_1_6' title='bbox 224 489 271 527; x_wconf 88' lang='lat' dir='ltr'><strong>an.</strong></span> <span class='ocrx_word' id='word_1_7' title='bbox 288 471 360 539; x_wconf 82' lang='lat' dir='ltr'><strong>aiio,</strong></span> <span class='ocrx_word' id='word_1_8' title='bbox 369 479 498 524; x_wconf 81' lang='lat' dir='ltr'><strong>mortuus</strong></span> <span class='ocrx_word' id='word_1_9' title='bbox 512 489 557 525; x_wconf 89' lang='lat' dir='ltr'><strong>an.</strong></span> <span class='ocrx_word' id='word_1_10' title='bbox 575 467 627 524; x_wconf 81' lang='lat'><strong>185</strong></span> <span class='ocrx_word' id='word_1_11' title='bbox 639 487 664 524; x_wconf 89' lang='lat' dir='ltr'><strong>a.</strong></span> <span class='ocrx_word' id='word_1_12' title='bbox 676 470 707 526; x_wconf 86' lang='lat' dir='ltr'><strong>C.</strong></span> <span class='ocrx_word' id='word_1_13' title='bbox 721 472 785 524; x_wconf 81' lang='lat' dir='ltr'><strong>llaec</strong></span> <span class='ocrx_word' id='word_1_14' title='bbox 797 471 870 526; x_wconf 87' lang='lat' dir='ltr'><strong>iuter</strong></span> <span class='ocrx_word' id='word_1_15' title='bbox 883 486 911 524; x_wconf 90' lang='lat' dir='ltr'><strong>se</strong></span> <span class='ocrx_word' id='word_1_16' title='bbox 957 476 1042 528; x_wconf 85' lang='lat' dir='ltr'><strong>aetatis</strong></span> <span class='ocrx_word' id='word_1_17' title='bbox 1054 476 1143 548; x_wconf 89' lang='lat' dir='ltr'><strong>spatio</strong></span> <span class='ocrx_word' id='word_1_18' title='bbox 1159 474 1273 528; x_wconf 76' lang='lat' dir='ltr'>Athenis</span> <span class='ocrx_word' id='word_1_19' title='bbox 1282 482 1404 528; x_wconf 88' lang='lat' dir='ltr'><strong>versatus</strong></span> <span class='ocrx_word' id='word_1_20' title='bbox 1417 471 1499 528; x_wconf 89' lang='lat' dir='ltr'><strong>fuerit</strong></span> <span class='ocrx_word' id='word_1_21' title='bbox 1510 514 1518 546; x_wconf 89' lang='lat'><strong>,</strong></span> <span class='ocrx_word' id='word_1_22' title='bbox 1531 483 1626 528; x_wconf 84' lang='lat' dir='ltr'><strong>utrum</strong></span> <span class='ocrx_word' id='word_1_23' title='bbox 1636 491 1730 542; x_wconf 83' lang='lat' dir='ltr'><strong>senex,</strong></span> 
     </span>
     <span class='ocr_line' id='line_1_3' title="bbox 128 557 1733 635; baseline 0.004 -27"><span class='ocrx_word' id='word_1_24' title='bbox 128 557 238 628; x_wconf 88' lang='lat' dir='ltr'><strong>optime</strong></span> <span class='ocrx_word' id='word_1_25' title='bbox 259 559 428 626; x_wconf 88' lang='lat' dir='ltr'><strong>conciuuut;</strong></span> <span class='ocrx_word' id='word_1_26' title='bbox 455 569 483 612; x_wconf 88' lang='lat' dir='ltr'><strong>ut</strong></span> <span class='ocrx_word' id='word_1_27' title='bbox 502 559 682 612; x_wconf 88' lang='lat' dir='ltr'><strong>vehementer</strong></span> <span class='ocrx_word' id='word_1_28' title='bbox 705 559 737 611; x_wconf 89' lang='lat' dir='ltr'><strong>iis</strong></span> <span class='ocrx_word' id='word_1_29' title='bbox 756 557 912 631; x_wconf 77' lang='lat' dir='ltr'><strong>refragatur</strong></span> <span class='ocrx_word' id='word_1_30' title='bbox 958 560 1037 632; x_wconf 91' lang='lat' dir='ltr'><strong>quod</strong></span> <span class='ocrx_word' id='word_1_31' title='bbox 1057 563 1223 616; x_wconf 88' lang='lat' dir='ltr'><strong>existimavit</strong></span> <span class='ocrx_word' id='word_1_32' title='bbox 1236 561 1402 633; x_wconf 86' lang='lat' dir='ltr'><strong>Lyndenus,</strong></span> <span class='ocrx_word' id='word_1_33' title='bbox 1422 561 1471 635; x_wconf 90' lang='lat' dir='ltr'><strong>qui</strong></span> <span class='ocrx_word' id='word_1_34' title='bbox 1492 561 1674 615; x_wconf 82' lang='lat' dir='ltr'>Polemonem</span> <span class='ocrx_word' id='word_1_35' title='bbox 1688 577 1733 614; x_wconf 92' lang='lat' dir='ltr'><strong>se-</strong></span> 
     </span>
     <span class='ocr_line' id='line_1_4' title="bbox 128 640 1734 719; baseline 0.001 -21"><span class='ocrx_word' id='word_1_36' title='bbox 128 641 211 714; x_wconf 87' lang='lat' dir='ltr'><strong>quod</strong></span> <span class='ocrx_word' id='word_1_37' title='bbox 225 642 357 717; x_wconf 80' lang='lat' dir='ltr'>deinceps</span> <span class='ocrx_word' id='word_1_38' title='bbox 370 645 451 716; x_wconf 91' lang='lat' dir='ltr'><strong>ponit</strong></span> <span class='ocrx_word' id='word_1_39' title='bbox 469 643 567 698; x_wconf 90' lang='lat' dir='ltr'><strong>Suidas</strong></span> <span class='ocrx_word' id='word_1_40' title='bbox 587 661 594 700; x_wconf 94' lang='lat'>:</span> <span class='ocrx_word' id='word_1_41' title='bbox 613 640 663 698; x_wconf 78' lang='lat' dir='ltr'><strong>aul·</strong></span> <span class='ocrx_word' id='word_1_42' title='bbox 672 640 791 710; x_wconf 79' lang='grc' dir='ltr'>διήκουσε</span> <span class='ocrx_word' id='word_1_43' title='bbox 804 641 849 698; x_wconf 81' lang='grc' dir='ltr'><strong>καὶ</strong></span> <span class='ocrx_word' id='word_1_44' title='bbox 867 645 911 698; x_wconf 81' lang='grc' dir='ltr'><strong>τοῦ</strong></span> <span class='ocrx_word' id='word_1_45' title='bbox 956 665 1022 702; x_wconf 88' lang='lat' dir='ltr'><strong>uem</strong></span> <span class='ocrx_word' id='word_1_46' title='bbox 1032 649 1140 703; x_wconf 88' lang='lat' dir='ltr'><strong>scholas</strong></span> <span class='ocrx_word' id='word_1_47' title='bbox 1151 648 1267 704; x_wconf 86' lang='lat' dir='ltr'><strong>Athenis</strong></span> <span class='ocrx_word' id='word_1_48' title='bbox 1275 647 1402 702; x_wconf 88' lang='lat' dir='ltr'><strong>habuisse</strong></span> <span class='ocrx_word' id='word_1_49' title='bbox 1411 649 1523 714; x_wconf 79' lang='lat' dir='ltr'>statuit,</span> <span class='ocrx_word' id='word_1_50' title='bbox 1535 647 1636 719; x_wconf 90' lang='lat' dir='ltr'><strong>quibus</strong></span> <span class='ocrx_word' id='word_1_51' title='bbox 1645 648 1734 700; x_wconf 90' lang='lat' dir='ltr'><strong>inter-</strong></span> 
     </span>
     <span class='ocr_line' id='line_1_5' title="bbox 128 726 1735 806; baseline 0.001 -20"><span class='ocrx_word' id='word_1_52' title='bbox 128 726 233 787; x_wconf 80' lang='grc' dir='ltr'>Ῥοδίου</span> <span class='ocrx_word' id='word_1_53' title='bbox 249 727 393 786; x_wconf 76' lang='grc' dir='ltr'>Παναιτίου</span> <span class='ocrx_word' id='word_1_54' title='bbox 407 747 415 787; x_wconf 88' lang='lat'><strong>:</strong></span> <span class='ocrx_word' id='word_1_55' title='bbox 430 750 495 786; x_wconf 91' lang='lat' dir='ltr'><strong>nam</strong></span> <span class='ocrx_word' id='word_1_56' title='bbox 505 749 539 786; x_wconf 86' lang='lat' dir='ltr'><strong>ex</strong></span> <span class='ocrx_word' id='word_1_57' title='bbox 554 731 782 786; x_wconf 75' lang='lat' dir='ltr'><strong>antecedentibus</strong></span> <span class='ocrx_word' id='word_1_58' title='bbox 794 733 910 786; x_wconf 90' lang='lat' dir='ltr'><strong>Polemo</strong></span> <span class='ocrx_word' id='word_1_59' title='bbox 957 733 1041 790; x_wconf 76' lang='lat' dir='ltr'><strong>fixerit</strong></span> <span class='ocrx_word' id='word_1_60' title='bbox 1054 737 1204 804; x_wconf 75' lang='lat' dir='ltr'><strong>Panaetius,</strong></span> <span class='ocrx_word' id='word_1_61' title='bbox 1225 754 1261 791; x_wconf 88' lang='lat' dir='ltr'><strong>an</strong></span> <span class='ocrx_word' id='word_1_62' title='bbox 1275 735 1394 806; x_wconf 83' lang='lat' dir='ltr'><strong>juvenis.</strong></span> <span class='ocrx_word' id='word_1_63' title='bbox 1416 735 1485 790; x_wconf 85' lang='lat' dir='ltr'>Mihi</span> <span class='ocrx_word' id='word_1_64' title='bbox 1506 734 1542 788; x_wconf 90' lang='lat' dir='ltr'><strong>de</strong></span> <span class='ocrx_word' id='word_1_65' title='bbox 1558 735 1659 789; x_wconf 89' lang='lat' dir='ltr'><strong>scholis</strong></span> <span class='ocrx_word' id='word_1_66' title='bbox 1677 735 1735 788; x_wconf 86' lang='lat' dir='ltr'><strong>istis</strong></span> 
     </span>
    </p>
   </div>
   <div class='ocr_carea' id='block_1_3' title="bbox 128 801 1757 908">
    <p class='ocr_par' dir='ltr' id='par_1_3' title="bbox 128 801 1757 908">
     <span class='ocr_line' id='line_1_6' title="bbox 128 801 1757 908; baseline 0.002 -34"><span class='ocrx_word' id='word_1_67' title='bbox 128 835 216 874; x_wconf 83' lang='lat' dir='ltr'><strong>senex</strong></span> <span class='ocrx_word' id='word_1_68' title='bbox 226 835 283 873; x_wconf 86' lang='lat' dir='ltr'><strong>esse</strong></span> <span class='ocrx_word' id='word_1_69' title='bbox 294 818 394 874; x_wconf 90' lang='lat' dir='ltr'><strong>debuit</strong></span> <span class='ocrx_word' id='word_1_70' title='bbox 404 838 461 892; x_wconf 93' lang='lat' dir='ltr'><strong>quo</strong></span> <span class='ocrx_word' id='word_1_71' title='bbox 471 829 599 892; x_wconf 87' lang='lat' dir='ltr'><strong>ternpore</strong></span> <span class='ocrx_word' id='word_1_72' title='bbox 608 801 731 908; x_wconf 81' lang='lat' dir='ltr'><strong>primnqa</strong></span> <span class='ocrx_word' id='word_1_73' title='bbox 741 817 844 874; x_wconf 88' lang='lat' dir='ltr'><strong>florere</strong></span> <span class='ocrx_word' id='word_1_74' title='bbox 856 836 911 874; x_wconf 88' lang='lat' dir='ltr'><strong>coe·</strong></span> <span class='ocrx_word' id='word_1_75' title='bbox 956 825 1038 880; x_wconf 76' lang='lat' dir='ltr'><strong>valde</strong></span> <span class='ocrx_word' id='word_1_76' title='bbox 1051 825 1169 880; x_wconf 88' lang='lat' dir='ltr'><strong>dubium</strong></span> <span class='ocrx_word' id='word_1_77' title='bbox 1176 825 1302 894; x_wconf 72' lang='lat' dir='ltr'><strong>videtur,</strong></span> <span class='ocrx_word' id='word_1_78' title='bbox 1312 836 1410 880; x_wconf 89' lang='lat' dir='ltr'><strong>contra</strong></span> <span class='ocrx_word' id='word_1_79' title='bbox 1423 825 1479 878; x_wconf 91' lang='lat' dir='ltr'><strong>hoc</strong></span> <span class='ocrx_word' id='word_1_80' title='bbox 1488 824 1589 879; x_wconf 92' lang='lat' dir='ltr'><strong>videor</strong></span> <span class='ocrx_word' id='word_1_81' title='bbox 1599 825 1668 878; x_wconf 90' lang='lat' dir='ltr'><strong>mihi</strong></span> <span class='ocrx_word' id='word_1_82' title='bbox 1678 843 1733 897; x_wconf 91' lang='lat' dir='ltr'><strong>pro</strong></span> <span class='ocrx_word' id='word_1_83' title='bbox 1754 891 1757 898; x_wconf 90' lang='lat'><strong>.</strong></span> 
     </span>
    </p>
   </div>
   <div class='ocr_carea' id='block_1_4' title="bbox 128 907 1834 4549">
    <p class='ocr_par' dir='ltr' id='par_1_4' title="bbox 128 907 1798 4455">
     <span class='ocr_line' id='line_1_7' title="bbox 128 907 1733 986; baseline 0.003 -27"><span class='ocrx_word' id='word_1_84' title='bbox 128 907 172 978; x_wconf 92' lang='lat' dir='ltr'><strong>pit</strong></span> <span class='ocrx_word' id='word_1_85' title='bbox 196 907 343 962; x_wconf 84' lang='lat' dir='ltr'><strong>Panaetius.</strong></span> <span class='ocrx_word' id='word_1_86' title='bbox 366 907 459 978; x_wconf 78' lang='lat' dir='ltr'><strong>Quare</strong></span> <span class='ocrx_word' id='word_1_87' title='bbox 480 916 528 960; x_wconf 91' lang='lat' dir='ltr'><strong>aut</strong></span> <span class='ocrx_word' id='word_1_88' title='bbox 556 907 646 962; x_wconf 89' lang='lat' dir='ltr'><strong>aliena</strong></span> <span class='ocrx_word' id='word_1_89' title='bbox 676 909 838 976; x_wconf 83' lang='lat' dir='ltr'><strong>miscentur,</strong></span> <span class='ocrx_word' id='word_1_90' title='bbox 864 915 913 961; x_wconf 89' lang='lat' dir='ltr'><strong>aut</strong></span> <span class='ocrx_word' id='word_1_91' title='bbox 957 922 1034 966; x_wconf 88' lang='lat' dir='ltr'><strong>certo</strong></span> <span class='ocrx_word' id='word_1_92' title='bbox 1048 914 1251 986; x_wconf 88' lang='lat' dir='ltr'><strong>exploratoque</strong></span> <span class='ocrx_word' id='word_1_93' title='bbox 1263 930 1372 985; x_wconf 88' lang='lat' dir='ltr'><strong>ponere</strong></span> <span class='ocrx_word' id='word_1_94' title='bbox 1382 913 1608 984; x_wconf 89' lang='lat' dir='ltr'><strong>posse,primam</strong></span> <span class='ocrx_word' id='word_1_95' title='bbox 1620 911 1733 982; x_wconf 86' lang='lat' dir='ltr'><strong>urbem,</strong></span> 
     </span>
     <span class='ocr_line' id='line_1_8' title="bbox 128 991 1733 1072; baseline 0.003 -25"><span class='ocrx_word' id='word_1_96' title='bbox 128 991 219 1048; x_wconf 76' lang='lat' dir='ltr'><strong>verba</strong></span> <span class='ocrx_word' id='word_1_97' title='bbox 232 1005 367 1066; x_wconf 86' lang='lat' dir='ltr'><strong>corrupta</strong></span> <span class='ocrx_word' id='word_1_98' title='bbox 378 1004 452 1049; x_wconf 91' lang='lat' dir='ltr'><strong>sunt.</strong></span> <span class='ocrx_word' id='word_1_99' title='bbox 467 997 574 1049; x_wconf 80' lang='lat' dir='ltr'><strong>Auctor</strong></span> <span class='ocrx_word' id='word_1_100' title='bbox 588 993 680 1048; x_wconf 88' lang='lat' dir='ltr'><strong>Suidae</strong></span> <span class='ocrx_word' id='word_1_101' title='bbox 695 993 796 1048; x_wconf 79' lang='lat' dir='ltr'><strong>dixerit</strong></span> <span class='ocrx_word' id='word_1_102' title='bbox 807 1011 910 1066; x_wconf 83' lang='lat' dir='ltr'><strong>perve-</strong></span> <span class='ocrx_word' id='word_1_103' title='bbox 939 1049 940 1052; x_wconf 72' lang='grc'>,</span> <span class='ocrx_word' id='word_1_104' title='bbox 957 1016 1015 1072; x_wconf 89' lang='lat' dir='ltr'><strong>qno</strong></span> <span class='ocrx_word' id='word_1_105' title='bbox 1028 999 1137 1070; x_wconf 84' lang='lat' dir='ltr'><strong>juvenis</strong></span> <span class='ocrx_word' id='word_1_106' title='bbox 1151 1001 1186 1054; x_wconf 88' lang='lat' dir='ltr'><strong>ab</strong></span> <span class='ocrx_word' id='word_1_107' title='bbox 1200 999 1394 1055; x_wconf 80' lang='lat' dir='ltr'><strong>Alexandrinis</strong></span> <span class='ocrx_word' id='word_1_108' title='bbox 1404 998 1562 1053; x_wconf 88' lang='lat' dir='ltr'><strong>rudimenta</strong></span> <span class='ocrx_word' id='word_1_109' title='bbox 1577 999 1733 1052; x_wconf 88' lang='lat' dir='ltr'><strong>litterarum</strong></span> 
     </span>
     <span class='ocr_line' id='line_1_9' title="bbox 128 1079 1734 1156; baseline 0.004 -23"><span class='ocrx_word' id='word_1_110' title='bbox 128 1079 205 1134; x_wconf 89' lang='lat' dir='ltr'><strong>uisse</strong></span> <span class='ocrx_word' id='word_1_111' title='bbox 218 1081 401 1136; x_wconf 81' lang='lat' dir='ltr'><strong>Polemonem</strong></span> <span class='ocrx_word' id='word_1_112' title='bbox 413 1080 552 1154; x_wconf 82' lang='lat' dir='ltr'><strong>usquead</strong></span> <span class='ocrx_word' id='word_1_113' title='bbox 568 1082 682 1140; x_wconf 75' lang='lat' dir='ltr'><strong>Panaetii</strong></span> <span class='ocrx_word' id='word_1_114' title='bbox 703 1091 845 1154; x_wconf 71' lang='lat' dir='ltr'><strong>tempora,</strong></span> <span class='ocrx_word' id='word_1_115' title='bbox 862 1081 912 1152; x_wconf 80' lang='lat' dir='ltr'><strong>qui</strong></span> <span class='ocrx_word' id='word_1_116' title='bbox 957 1085 1073 1142; x_wconf 88' lang='lat' dir='ltr'><strong>edoctus</strong></span> <span class='ocrx_word' id='word_1_117' title='bbox 1086 1087 1274 1156; x_wconf 80' lang='lat' dir='ltr'><strong>advolaverit,</strong></span> <span class='ocrx_word' id='word_1_118' title='bbox 1286 1085 1500 1142; x_wconf 87' lang='lat' dir='ltr'><strong>studiosissimus</strong></span> <span class='ocrx_word' id='word_1_119' title='bbox 1512 1086 1559 1140; x_wconf 89' lang='lat' dir='ltr'><strong>ille</strong></span> <span class='ocrx_word' id='word_1_120' title='bbox 1575 1087 1734 1140; x_wconf 90' lang='lat' dir='ltr'><strong>monimen-</strong></span> 
     </span>
     <span class='ocr_line' id='line_1_10' title="bbox 129 1163 1733 1246; baseline -0.003 -15"><span class='ocrx_word' id='word_1_121' title='bbox 129 1183 198 1219; x_wconf 88' lang='lat' dir='ltr'><strong>eum</strong></span> <span class='ocrx_word' id='word_1_122' title='bbox 217 1167 293 1220; x_wconf 64' lang='lat'>5⁰2⁰?</span> <span class='ocrx_word' id='word_1_123' title='bbox 314 1163 457 1241; x_wconf 57' lang='grc' dir='ltr'>γνωρίμους</span> <span class='ocrx_word' id='word_1_124' title='bbox 481 1166 635 1235; x_wconf 66' lang='lat' dir='ltr'><strong>habuisset,</strong></span> <span class='ocrx_word' id='word_1_125' title='bbox 660 1167 690 1222; x_wconf 78' lang='lat' dir='ltr'><strong>id</strong></span> <span class='ocrx_word' id='word_1_126' title='bbox 711 1167 791 1240; x_wconf 76' lang='lat' dir='ltr'><strong>quod</strong></span> <span class='ocrx_word' id='word_1_127' title='bbox 814 1165 913 1221; x_wconf 67' lang='lat' dir='ltr'><strong>suidas</strong></span> <span class='ocrx_word' id='word_1_128' title='bbox 958 1182 1052 1228; x_wconf 84' lang='lat' dir='ltr'><strong>torum</strong></span> <span class='ocrx_word' id='word_1_129' title='bbox 1064 1176 1209 1246; x_wconf 89' lang='lat' dir='ltr'><strong>omnisque</strong></span> <span class='ocrx_word' id='word_1_130' title='bbox 1222 1175 1392 1246; x_wconf 90' lang='lat' dir='ltr'><strong>antiquitatis</strong></span> <span class='ocrx_word' id='word_1_131' title='bbox 1403 1191 1435 1228; x_wconf 88' lang='lat' dir='ltr'><strong>ex</strong></span> <span class='ocrx_word' id='word_1_132' title='bbox 1449 1173 1515 1226; x_wconf 87' lang='lat' dir='ltr'><strong>artis</strong></span> <span class='ocrx_word' id='word_1_133' title='bbox 1533 1173 1667 1245; x_wconf 83' lang='lat' dir='ltr'><strong>operibus</strong></span> <span class='ocrx_word' id='word_1_134' title='bbox 1677 1171 1733 1226; x_wconf 91' lang='lat' dir='ltr'><strong>do-</strong></span> 
     </span>
     <span class='ocr_line' id='line_1_11' title="bbox 129 1252 1733 1334; baseline 0.003 -27"><span class='ocrx_word' id='word_1_135' title='bbox 129 1269 283 1325; x_wconf 83' lang='lat' dir='ltr'><strong>perperam</strong></span> <span class='ocrx_word' id='word_1_136' title='bbox 304 1252 341 1308; x_wconf 90' lang='lat' dir='ltr'><strong>de</strong></span> <span class='ocrx_word' id='word_1_137' title='bbox 356 1255 493 1326; x_wconf 85' lang='lat' dir='ltr'><strong>discipulo</strong></span> <span class='ocrx_word' id='word_1_138' title='bbox 510 1254 665 1308; x_wconf 86' lang='lat' dir='ltr'><strong>Polemone</strong></span> <span class='ocrx_word' id='word_1_139' title='bbox 681 1255 839 1328; x_wconf 84' lang='lat' dir='ltr'><strong>intelligere</strong></span> <span class='ocrx_word' id='word_1_140' title='bbox 858 1271 913 1326; x_wconf 89' lang='lat' dir='ltr'><strong>po·</strong></span> <span class='ocrx_word' id='word_1_141' title='bbox 957 1263 1148 1334; x_wconf 89' lang='lat' dir='ltr'><strong>cumentisque</strong></span> <span class='ocrx_word' id='word_1_142' title='bbox 1161 1262 1282 1334; x_wconf 89' lang='lat' dir='ltr'><strong>publicis</strong></span> <span class='ocrx_word' id='word_1_143' title='bbox 1294 1259 1480 1327; x_wconf 86' lang='lat' dir='ltr'><strong>illustrandae,</strong></span> <span class='ocrx_word' id='word_1_144' title='bbox 1494 1260 1566 1314; x_wconf 89' lang='lat' dir='ltr'><strong>hanc</strong></span> <span class='ocrx_word' id='word_1_145' title='bbox 1581 1261 1669 1332; x_wconf 87' lang='lat' dir='ltr'><strong>igitur</strong></span> <span class='ocrx_word' id='word_1_146' title='bbox 1681 1277 1733 1312; x_wconf 91' lang='lat' dir='ltr'><strong>ur-</strong></span> 
     </span>
     <span class='ocr_line' id='line_1_12' title="bbox 129 1336 1734 1423; baseline -0.002 -18"><span class='ocrx_word' id='word_1_147' title='bbox 129 1340 195 1396; x_wconf 77' lang='lat' dir='ltr'><strong>tuit·</strong></span> <span class='ocrx_word' id='word_1_148' title='bbox 210 1336 247 1417; x_wconf 56' lang='grc' dir='ltr'><strong>Γ)</strong></span> <span class='ocrx_word' id='word_1_149' title='bbox 264 1367 299 1377; x_wconf 85' lang='grc'>-</span> <span class='ocrx_word' id='word_1_150' title='bbox 309 1339 351 1395; x_wconf 73' lang='grc' dir='ltr'><strong>Βθ</strong></span> <span class='ocrx_word' id='word_1_151' title='bbox 363 1341 500 1414; x_wconf 62' lang='lat' dir='ltr'><strong>magistris</strong></span> <span class='ocrx_word' id='word_1_152' title='bbox 517 1341 677 1394; x_wconf 70' lang='lat' dir='ltr'><strong>P010m0¹¹i⁵</strong></span> <span class='ocrx_word' id='word_1_153' title='bbox 691 1341 761 1394; x_wconf 74' lang='lat' dir='ltr'><strong>nihil</strong></span> <span class='ocrx_word' id='word_1_154' title='bbox 781 1339 911 1398; x_wconf 65' lang='lat' dir='ltr'><strong>traditur·</strong></span> <span class='ocrx_word' id='word_1_155' title='bbox 956 1349 1021 1404; x_wconf 87' lang='lat' dir='ltr'><strong>bern</strong></span> <span class='ocrx_word' id='word_1_156' title='bbox 1032 1349 1114 1404; x_wconf 87' lang='lat' dir='ltr'><strong>fuisse</strong></span> <span class='ocrx_word' id='word_1_157' title='bbox 1124 1351 1254 1416; x_wconf 84' lang='lat' dir='ltr'><strong>Athenas,</strong></span> <span class='ocrx_word' id='word_1_158' title='bbox 1265 1351 1369 1423; x_wconf 92' lang='lat' dir='ltr'><strong>quippe</strong></span> <span class='ocrx_word' id='word_1_159' title='bbox 1378 1367 1437 1403; x_wconf 89' lang='lat' dir='ltr'><strong>non</strong></span> <span class='ocrx_word' id='word_1_160' title='bbox 1445 1348 1533 1402; x_wconf 91' lang='lat' dir='ltr'><strong>modo</strong></span> <span class='ocrx_word' id='word_1_161' title='bbox 1545 1349 1734 1419; x_wconf 84' lang='lat' dir='ltr'><strong>qualicunque</strong></span> 
     </span>
     <span class='ocr_line' id='line_1_13' title="bbox 129 1425 1735 1508; baseline 0.004 -28"><span class='ocrx_word' id='word_1_162' title='bbox 129 1425 207 1498; x_wconf 87' lang='lat' dir='ltr'><strong>Quid</strong></span> <span class='ocrx_word' id='word_1_163' title='bbox 217 1427 538 1497; x_wconf 85' lang='lat' dir='ltr'><strong>recentioresfinxerint,</strong></span> <span class='ocrx_word' id='word_1_164' title='bbox 552 1427 642 1484; x_wconf 89' lang='lat' dir='ltr'><strong>modo</strong></span> <span class='ocrx_word' id='word_1_165' title='bbox 651 1427 813 1496; x_wconf 84' lang='lat' dir='ltr'><strong>Aristarchi,</strong></span> <span class='ocrx_word' id='word_1_166' title='bbox 823 1428 912 1483; x_wconf 89' lang='lat' dir='ltr'><strong>modo</strong></span> <span class='ocrx_word' id='word_1_167' title='bbox 957 1445 1204 1490; x_wconf 86' lang='lat' dir='ltr'><strong>monumentorum</strong></span> <span class='ocrx_word' id='word_1_168' title='bbox 1234 1435 1425 1508; x_wconf 80' lang='lat' dir='ltr'><strong>suppellectile</strong></span> <span class='ocrx_word' id='word_1_169' title='bbox 1456 1433 1660 1502; x_wconf 71' lang='lat' dir='ltr'><strong>refertissimus,</strong></span> <span class='ocrx_word' id='word_1_170' title='bbox 1686 1433 1735 1486; x_wconf 89' lang='lat' dir='ltr'><strong>sed</strong></span> 
     </span>
     <span class='ocr_line' id='line_1_14' title="bbox 132 1513 1737 1593; baseline -0.006 -10"><span class='ocrx_word' id='word_1_171' title='bbox 132 1514 332 1586; x_wconf 60' lang='lat' dir='ltr'><strong>fflwphassis</strong></span> <span class='ocrx_word' id='word_1_172' title='bbox 355 1513 540 1588; x_wconf 68' lang='lat' dir='ltr'><strong>discipulum,</strong></span> <span class='ocrx_word' id='word_1_173' title='bbox 562 1515 650 1570; x_wconf 76' lang='lat' dir='ltr'><strong>modo</strong></span> <span class='ocrx_word' id='word_1_174' title='bbox 669 1533 703 1570; x_wconf 75' lang='lat' dir='ltr'><strong>tx</strong></span> <span class='ocrx_word' id='word_1_175' title='bbox 723 1515 913 1588; x_wconf 80' lang='lat' dir='ltr'><strong>Pergameno·</strong></span> <span class='ocrx_word' id='word_1_176' title='bbox 959 1523 1086 1578; x_wconf 89' lang='lat' dir='ltr'><strong>etiamiis</strong></span> <span class='ocrx_word' id='word_1_177' title='bbox 1096 1524 1217 1577; x_wconf 88' lang='lat' dir='ltr'><strong>maxime</strong></span> <span class='ocrx_word' id='word_1_178' title='bbox 1228 1531 1295 1577; x_wconf 90' lang='lat' dir='ltr'><strong>tunc</strong></span> <span class='ocrx_word' id='word_1_179' title='bbox 1310 1521 1511 1593; x_wconf 86' lang='lat' dir='ltr'><strong>frequentatas,</strong></span> <span class='ocrx_word' id='word_1_180' title='bbox 1525 1521 1574 1592; x_wconf 90' lang='lat' dir='ltr'><strong>qui</strong></span> <span class='ocrx_word' id='word_1_181' title='bbox 1585 1521 1737 1592; x_wconf 84' lang='lat' dir='ltr'><strong>periegeta-</strong></span> 
     </span>
     <span class='ocr_line' id='line_1_15' title="bbox 130 1601 1736 1680; baseline 0.005 -26"><span class='ocrx_word' id='word_1_182' title='bbox 130 1617 195 1654; x_wconf 83' lang='lat' dir='ltr'><strong>rum</strong></span> <span class='ocrx_word' id='word_1_183' title='bbox 206 1601 303 1656; x_wconf 90' lang='lat' dir='ltr'><strong>schola</strong></span> <span class='ocrx_word' id='word_1_184' title='bbox 321 1601 481 1674; x_wconf 85' lang='lat' dir='ltr'><strong>profectum</strong></span> <span class='ocrx_word' id='word_1_185' title='bbox 492 1619 547 1657; x_wconf 87' lang='lat' dir='ltr'><strong>esse</strong></span> <span class='ocrx_word' id='word_1_186' title='bbox 561 1601 735 1670; x_wconf 86' lang='lat' dir='ltr'><strong>dictitantes,</strong></span> <span class='ocrx_word' id='word_1_187' title='bbox 750 1611 814 1674; x_wconf 65' lang='lat' dir='ltr'><strong>posi</strong></span> <span class='ocrx_word' id='word_1_188' title='bbox 831 1601 911 1656; x_wconf 70' lang='lat' dir='ltr'><strong>Prel·</strong></span> <span class='ocrx_word' id='word_1_189' title='bbox 956 1627 1019 1663; x_wconf 87' lang='lat' dir='ltr'><strong>rum</strong></span> <span class='ocrx_word' id='word_1_190' title='bbox 1027 1609 1119 1665; x_wconf 86' lang='lat' dir='ltr'><strong>studia</strong></span> <span class='ocrx_word' id='word_1_191' title='bbox 1128 1611 1263 1678; x_wconf 88' lang='lat' dir='ltr'><strong>colerent,</strong></span> <span class='ocrx_word' id='word_1_192' title='bbox 1274 1611 1305 1672; x_wconf 85' lang='lat' dir='ltr'><strong>in</strong></span> <span class='ocrx_word' id='word_1_193' title='bbox 1312 1619 1562 1663; x_wconf 88' lang='lat' dir='ltr'><strong>monumentorum</strong></span> <span class='ocrx_word' id='word_1_194' title='bbox 1572 1608 1736 1680; x_wconf 80' lang='lat' dir='ltr'><strong>cognitione</strong></span> 
     </span>
     <span class='ocr_line' id='line_1_16' title="bbox 130 1687 1732 1770; baseline 0.006 -30"><span class='ocrx_word' id='word_1_195' title='bbox 130 1687 222 1742; x_wconf 90' lang='lat' dir='ltr'><strong>lerum</strong></span> <span class='ocrx_word' id='word_1_196' title='bbox 248 1687 343 1744; x_wconf 88' lang='lat' dir='ltr'><strong>denuo</strong></span> <span class='ocrx_word' id='word_1_197' title='bbox 368 1707 509 1762; x_wconf 86' lang='lat' dir='ltr'><strong>exponere</strong></span> <span class='ocrx_word' id='word_1_198' title='bbox 530 1689 708 1762; x_wconf 79' lang='lat' dir='ltr'><strong>supersedeo.</strong></span> <span class='ocrx_word' id='word_1_199' title='bbox 734 1691 797 1762; x_wconf 87' lang='lat' dir='ltr'><strong>lpse</strong></span> <span class='ocrx_word' id='word_1_200' title='bbox 819 1701 912 1744; x_wconf 90' lang='lat' dir='ltr'><strong>autem</strong></span> <span class='ocrx_word' id='word_1_201' title='bbox 954 1697 1046 1769; x_wconf 87' lang='lat' dir='ltr'><strong>posita</strong></span> <span class='ocrx_word' id='word_1_202' title='bbox 1060 1707 1145 1770; x_wconf 92' lang='lat' dir='ltr'><strong>atque</strong></span> <span class='ocrx_word' id='word_1_203' title='bbox 1155 1697 1189 1752; x_wconf 90' lang='lat' dir='ltr'><strong>ab</strong></span> <span class='ocrx_word' id='word_1_204' title='bbox 1199 1697 1414 1752; x_wconf 89' lang='lat' dir='ltr'><strong>Atheniensibus</strong></span> <span class='ocrx_word' id='word_1_205' title='bbox 1424 1697 1557 1769; x_wconf 90' lang='lat' dir='ltr'><strong>primum,</strong></span> <span class='ocrx_word' id='word_1_206' title='bbox 1570 1694 1732 1762; x_wconf 86' lang='lat' dir='ltr'><strong>utaidetur,</strong></span> 
     </span>
     <span class='ocr_line' id='line_1_17' title="bbox 131 1775 1736 1852; baseline 0.002 -23"><span class='ocrx_word' id='word_1_207' title='bbox 131 1775 273 1830; x_wconf 88' lang='lat' dir='ltr'><strong>Prellerus</strong></span> <span class='ocrx_word' id='word_1_208' title='bbox 293 1795 300 1830; x_wconf 92' lang='lat'>:</span> <span class='ocrx_word' id='word_1_209' title='bbox 326 1800 339 1826; x_wconf 79' lang='grc' dir='ltr'>ι</span> <span class='ocrx_word' id='word_1_210' title='bbox 355 1777 425 1832; x_wconf 86' lang='lat' dir='ltr'><strong>hlihi</strong></span> <span class='ocrx_word' id='word_1_211' title='bbox 439 1777 657 1832; x_wconf 87' lang='lat' dir='ltr'><strong>renuntiandum</strong></span> <span class='ocrx_word' id='word_1_212' title='bbox 670 1778 780 1850; x_wconf 86' lang='lat' dir='ltr'><strong>potius,</strong></span> <span class='ocrx_word' id='word_1_213' title='bbox 802 1777 911 1852; x_wconf 86' lang='lat' dir='ltr'><strong>inquit,</strong></span> <span class='ocrx_word' id='word_1_214' title='bbox 958 1783 1110 1840; x_wconf 89' lang='lat' dir='ltr'><strong>adcertam</strong></span> <span class='ocrx_word' id='word_1_215' title='bbox 1124 1793 1210 1838; x_wconf 90' lang='lat' dir='ltr'><strong>artem</strong></span> <span class='ocrx_word' id='word_1_216' title='bbox 1224 1783 1403 1838; x_wconf 81' lang='lat' dir='ltr'><strong>strationem</strong></span> <span class='ocrx_word' id='word_1_217' title='bbox 1415 1791 1554 1836; x_wconf 77' lang='lat' dir='ltr'><strong>revocata.</strong></span> <span class='ocrx_word' id='word_1_218' title='bbox 1568 1777 1736 1835; x_wconf 84' lang='lat' dir='ltr'><strong>Esfloresce-</strong></span> 
     </span>
     <span class='ocr_line' id='line_1_18' title="bbox 131 1863 1732 1940; baseline 0 -22"><span class='ocrx_word' id='word_1_219' title='bbox 131 1880 218 1934; x_wconf 86' lang='lat' dir='ltr'><strong>quarn</strong></span> <span class='ocrx_word' id='word_1_220' title='bbox 237 1863 449 1938; x_wconf 89' lang='lat' dir='ltr'><strong>obsequendum</strong></span> <span class='ocrx_word' id='word_1_221' title='bbox 463 1864 595 1937; x_wconf 90' lang='lat' dir='ltr'><strong>improbo</strong></span> <span class='ocrx_word' id='word_1_222' title='bbox 609 1864 651 1918; x_wconf 92' lang='lat' dir='ltr'><strong>illi</strong></span> <span class='ocrx_word' id='word_1_223' title='bbox 663 1865 912 1938; x_wconf 85' lang='lat' dir='ltr'><strong>grammaticorum</strong></span> <span class='ocrx_word' id='word_1_224' title='bbox 956 1869 1006 1924; x_wconf 91' lang='lat' dir='ltr'><strong>bat</strong></span> <span class='ocrx_word' id='word_1_225' title='bbox 1027 1870 1160 1924; x_wconf 86' lang='lat' dir='ltr'><strong>nimirum</strong></span> <span class='ocrx_word' id='word_1_226' title='bbox 1179 1879 1246 1924; x_wconf 90' lang='lat' dir='ltr'><strong>tunc</strong></span> <span class='ocrx_word' id='word_1_227' title='bbox 1268 1867 1345 1940; x_wconf 89' lang='lat' dir='ltr'><strong>apud</strong></span> <span class='ocrx_word' id='word_1_228' title='bbox 1367 1869 1549 1923; x_wconf 86' lang='lat' dir='ltr'><strong>Athenienses</strong></span> <span class='ocrx_word' id='word_1_229' title='bbox 1568 1867 1630 1934; x_wconf 89' lang='lat' dir='ltr'><strong>illa,</strong></span> <span class='ocrx_word' id='word_1_230' title='bbox 1649 1883 1732 1938; x_wconf 80' lang='lat' dir='ltr'><strong>quani</strong></span> 
     </span>
     <span class='ocr_line' id='line_1_19' title="bbox 130 1950 1732 2029; baseline 0.002 -28"><span class='ocrx_word' id='word_1_231' title='bbox 130 1966 183 2002; x_wconf 82' lang='lat' dir='ltr'><strong>stro</strong></span> <span class='ocrx_word' id='word_1_232' title='bbox 198 1967 341 2024; x_wconf 88' lang='lat' dir='ltr'><strong>quemque</strong></span> <span class='ocrx_word' id='word_1_233' title='bbox 357 1950 483 2020; x_wconf 90' lang='lat' dir='ltr'><strong>doctori,</strong></span> <span class='ocrx_word' id='word_1_234' title='bbox 500 1969 556 2006; x_wconf 86' lang='lat' dir='ltr'><strong>suae</strong></span> <span class='ocrx_word' id='word_1_235' title='bbox 570 1951 736 2007; x_wconf 87' lang='lat' dir='ltr'><strong>successioni</strong></span> <span class='ocrx_word' id='word_1_236' title='bbox 755 1951 912 2024; x_wconf 88' lang='lat' dir='ltr'><strong>assignandi</strong></span> <span class='ocrx_word' id='word_1_237' title='bbox 956 1956 1132 2029; x_wconf 84' lang='lat' dir='ltr'><strong>peripatetici</strong></span> <span class='ocrx_word' id='word_1_238' title='bbox 1147 1955 1360 2022; x_wconf 84' lang='lat' dir='ltr'><strong>inchoaverant,</strong></span> <span class='ocrx_word' id='word_1_239' title='bbox 1376 1954 1575 2025; x_wconf 91' lang='lat' dir='ltr'><strong>antiquitatum</strong></span> <span class='ocrx_word' id='word_1_240' title='bbox 1587 1951 1732 2024; x_wconf 87' lang='lat' dir='ltr'><strong>disciplina</strong></span> 
     </span>
     <span class='ocr_line' id='line_1_20' title="bbox 131 2034 1735 2116; baseline 0.002 -27"><span class='ocrx_word' id='word_1_241' title='bbox 131 2035 244 2106; x_wconf 90' lang='lat' dir='ltr'><strong>studio,</strong></span> <span class='ocrx_word' id='word_1_242' title='bbox 257 2037 425 2110; x_wconf 83' lang='lat' dir='ltr'><strong>gaudeoque</strong></span> <span class='ocrx_word' id='word_1_243' title='bbox 439 2055 521 2108; x_wconf 92' lang='lat' dir='ltr'><strong>meo,</strong></span> <span class='ocrx_word' id='word_1_244' title='bbox 536 2048 568 2092; x_wconf 90' lang='lat' dir='ltr'><strong>ut</strong></span> <span class='ocrx_word' id='word_1_245' title='bbox 582 2055 666 2111; x_wconf 88' lang='lat' dir='ltr'><strong>quem</strong></span> <span class='ocrx_word' id='word_1_246' title='bbox 688 2037 791 2092; x_wconf 81' lang='lat' dir='ltr'><strong>dixeris</strong></span> <span class='ocrx_word' id='word_1_247' title='bbox 809 2034 910 2092; x_wconf 74' lang='lat' dir='ltr'><strong>siradi-</strong></span> <span class='ocrx_word' id='word_1_248' title='bbox 957 2061 992 2098; x_wconf 84' lang='lat' dir='ltr'><strong>ex</strong></span> <span class='ocrx_word' id='word_1_249' title='bbox 1005 2041 1101 2098; x_wconf 87' lang='lat' dir='ltr'><strong>sedula</strong></span> <span class='ocrx_word' id='word_1_250' title='bbox 1114 2043 1289 2116; x_wconf 89' lang='lat' dir='ltr'><strong>singulorum</strong></span> <span class='ocrx_word' id='word_1_251' title='bbox 1302 2043 1431 2096; x_wconf 90' lang='lat' dir='ltr'><strong>locorum</strong></span> <span class='ocrx_word' id='word_1_252' title='bbox 1448 2039 1620 2112; x_wconf 88' lang='lat' dir='ltr'><strong>inspectione</strong></span> <span class='ocrx_word' id='word_1_253' title='bbox 1634 2048 1661 2092; x_wconf 88' lang='lat' dir='ltr'><strong>et</strong></span> <span class='ocrx_word' id='word_1_254' title='bbox 1671 2055 1735 2111; x_wconf 91' lang='lat' dir='ltr'><strong>per·</strong></span> 
     </span>
     <span class='ocr_line' id='line_1_21' title="bbox 132 2121 1735 2202; baseline 0 -24"><span class='ocrx_word' id='word_1_255' title='bbox 132 2121 228 2178; x_wconf 73' lang='grc' dir='ltr'>δακτον</span> <span class='ocrx_word' id='word_1_256' title='bbox 245 2123 336 2182; x_wconf 74' lang='lat' dir='ltr'><strong>husae.</strong></span> <span class='ocrx_word' id='word_1_257' title='bbox 350 2127 454 2181; x_wconf 87' lang='lat' dir='ltr'><strong>Verum</strong></span> <span class='ocrx_word' id='word_1_258' title='bbox 469 2127 492 2180; x_wconf 89' lang='lat' dir='ltr'><strong>si</strong></span> <span class='ocrx_word' id='word_1_259' title='bbox 509 2138 615 2199; x_wconf 91' lang='lat' dir='ltr'><strong>spectes</strong></span> <span class='ocrx_word' id='word_1_260' title='bbox 626 2127 786 2182; x_wconf 78' lang='lat' dir='ltr'><strong>nniversam</strong></span> <span class='ocrx_word' id='word_1_261' title='bbox 799 2126 911 2181; x_wconf 90' lang='lat' dir='ltr'><strong>studio·</strong></span> <span class='ocrx_word' id='word_1_262' title='bbox 957 2130 1122 2184; x_wconf 86' lang='lat' dir='ltr'><strong>tractatione</strong></span> <span class='ocrx_word' id='word_1_263' title='bbox 1132 2127 1371 2202; x_wconf 89' lang='lat' dir='ltr'><strong>explicandarum.</strong></span> <span class='ocrx_word' id='word_1_264' title='bbox 1385 2124 1627 2200; x_wconf 89' lang='lat' dir='ltr'><strong>Vigebantlaudes</strong></span> <span class='ocrx_word' id='word_1_265' title='bbox 1637 2124 1735 2178; x_wconf 85' lang='lat' dir='ltr'><strong>Philo·</strong></span> 
     </span>
     <span class='ocr_line' id='line_1_22' title="bbox 132 2212 1734 2287; baseline 0.001 -23"><span class='ocrx_word' id='word_1_266' title='bbox 132 2229 198 2264; x_wconf 82' lang='lat' dir='ltr'><strong>marn</strong></span> <span class='ocrx_word' id='word_1_267' title='bbox 222 2213 379 2282; x_wconf 89' lang='lat' dir='ltr'><strong>rationem,</strong></span> <span class='ocrx_word' id='word_1_268' title='bbox 403 2222 541 2286; x_wconf 91' lang='lat' dir='ltr'><strong>quantum</strong></span> <span class='ocrx_word' id='word_1_269' title='bbox 571 2212 607 2268; x_wconf 91' lang='lat' dir='ltr'><strong>de</strong></span> <span class='ocrx_word' id='word_1_270' title='bbox 629 2214 663 2268; x_wconf 90' lang='lat' dir='ltr'><strong>iis</strong></span> <span class='ocrx_word' id='word_1_271' title='bbox 690 2231 726 2268; x_wconf 84' lang='lat' dir='ltr'><strong>ex</strong></span> <span class='ocrx_word' id='word_1_272' title='bbox 752 2213 913 2287; x_wconf 81' lang='lat' dir='ltr'><strong>fragmentis</strong></span> <span class='ocrx_word' id='word_1_273' title='bbox 959 2217 1041 2270; x_wconf 87' lang='lat' dir='ltr'><strong>chori</strong></span> <span class='ocrx_word' id='word_1_274' title='bbox 1055 2225 1083 2270; x_wconf 92' lang='lat' dir='ltr'><strong>et</strong></span> <span class='ocrx_word' id='word_1_275' title='bbox 1100 2215 1197 2270; x_wconf 72' lang='lat' dir='ltr'><strong>Timaei</strong></span> <span class='ocrx_word' id='word_1_276' title='bbox 1215 2215 1301 2270; x_wconf 91' lang='lat' dir='ltr'><strong>Siculi</strong></span> <span class='ocrx_word' id='word_1_277' title='bbox 1316 2213 1415 2286; x_wconf 86' lang='lat' dir='ltr'><strong>(quem</strong></span> <span class='ocrx_word' id='word_1_278' title='bbox 1428 2213 1577 2266; x_wconf 88' lang='lat' dir='ltr'><strong>maximam</strong></span> <span class='ocrx_word' id='word_1_279' title='bbox 1588 2212 1652 2265; x_wconf 85' lang='lat' dir='ltr'><strong>vitae</strong></span> <span class='ocrx_word' id='word_1_280' title='bbox 1665 2228 1734 2285; x_wconf 87' lang='lat' dir='ltr'><strong>par-</strong></span> 
     </span>
     <span class='ocr_line' id='line_1_23' title="bbox 131 2297 1798 2376; baseline 0.001 -25"><span class='ocrx_word' id='word_1_281' title='bbox 131 2299 287 2354; x_wconf 85' lang='lat' dir='ltr'><strong>existimari</strong></span> <span class='ocrx_word' id='word_1_282' title='bbox 304 2311 410 2373; x_wconf 88' lang='lat' dir='ltr'><strong>potest,</strong></span> <span class='ocrx_word' id='word_1_283' title='bbox 432 2300 541 2356; x_wconf 88' lang='lat' dir='ltr'><strong>duabus</strong></span> <span class='ocrx_word' id='word_1_284' title='bbox 555 2301 731 2374; x_wconf 87' lang='lat' dir='ltr'><strong>potissimum</strong></span> <span class='ocrx_word' id='word_1_285' title='bbox 751 2301 782 2354; x_wconf 93' lang='lat' dir='ltr'><strong>in</strong></span> <span class='ocrx_word' id='word_1_286' title='bbox 794 2301 913 2356; x_wconf 88' lang='lat' dir='ltr'><strong>urbibus</strong></span> <span class='ocrx_word' id='word_1_287' title='bbox 958 2313 1014 2357; x_wconf 89' lang='lat' dir='ltr'><strong>tem</strong></span> <span class='ocrx_word' id='word_1_288' title='bbox 1028 2302 1104 2376; x_wconf 89' lang='lat' dir='ltr'><strong>apud</strong></span> <span class='ocrx_word' id='word_1_289' title='bbox 1119 2303 1298 2358; x_wconf 85' lang='lat' dir='ltr'><strong>Athenienses</strong></span> <span class='ocrx_word' id='word_1_290' title='bbox 1312 2299 1418 2374; x_wconf 86' lang='lat' dir='ltr'><strong>degisse</strong></span> <span class='ocrx_word' id='word_1_291' title='bbox 1433 2309 1541 2354; x_wconf 90' lang='lat' dir='ltr'><strong>constat</strong></span> <span class='ocrx_word' id='word_1_292' title='bbox 1559 2315 1594 2353; x_wconf 89' lang='lat' dir='ltr'><strong>ex</strong></span> <span class='ocrx_word' id='word_1_293' title='bbox 1614 2297 1734 2371; x_wconf 83' lang='lat' dir='ltr'><strong>Polybio</strong></span> <span class='ocrx_word' id='word_1_294' title='bbox 1788 2319 1798 2342; x_wconf 63' lang='grc' dir='ltr'><em>ν</em></span> 
     </span>
     <span class='ocr_line' id='line_1_24' title="bbox 131 2385 1736 2464; baseline -0.001 -24"><span class='ocrx_word' id='word_1_295' title='bbox 131 2385 539 2460; x_wconf 84' lang='lat' dir='ltr'><strong>aliquamdiudiscipliniseum</strong></span> <span class='ocrx_word' id='word_1_296' title='bbox 547 2387 911 2444; x_wconf 87' lang='lat' dir='ltr'><strong>fuisseeruditumcredide·</strong></span> <span class='ocrx_word' id='word_1_297' title='bbox 959 2391 1026 2446; x_wconf 89' lang='lat' dir='ltr'><strong>Exc.</strong></span> <span class='ocrx_word' id='word_1_298' title='bbox 1041 2393 1103 2448; x_wconf 88' lang='lat' dir='ltr'><strong>Vat.</strong></span> <span class='ocrx_word' id='word_1_299' title='bbox 1122 2390 1197 2458; x_wconf 88' lang='lat' dir='ltr'><strong>Xll,</strong></span> <span class='ocrx_word' id='word_1_300' title='bbox 1223 2387 1292 2464; x_wconf 78' lang='lat'><strong>13),</strong></span> <span class='ocrx_word' id='word_1_301' title='bbox 1310 2389 1360 2460; x_wconf 91' lang='lat' dir='ltr'><strong>qui</strong></span> <span class='ocrx_word' id='word_1_302' title='bbox 1377 2387 1436 2440; x_wconf 84' lang='lat' dir='ltr'><strong>baec</strong></span> <span class='ocrx_word' id='word_1_303' title='bbox 1449 2385 1540 2440; x_wconf 90' lang='lat' dir='ltr'><strong>studia</strong></span> <span class='ocrx_word' id='word_1_304' title='bbox 1554 2385 1655 2459; x_wconf 86' lang='lat' dir='ltr'><strong>insigni</strong></span> <span class='ocrx_word' id='word_1_305' title='bbox 1672 2403 1736 2439; x_wconf 91' lang='lat' dir='ltr'><strong>cum</strong></span> 
     </span>
     <span class='ocr_line' id='line_1_25' title="bbox 131 2473 1733 2548; baseline 0 -22"><span class='ocrx_word' id='word_1_306' title='bbox 131 2473 202 2542; x_wconf 88' lang='lat' dir='ltr'><strong>rim,</strong></span> <span class='ocrx_word' id='word_1_307' title='bbox 215 2473 394 2530; x_wconf 73' lang='lat' dir='ltr'><strong>Alexandria·</strong></span> <span class='ocrx_word' id='word_1_308' title='bbox 403 2485 432 2530; x_wconf 90' lang='lat' dir='ltr'><strong>et</strong></span> <span class='ocrx_word' id='word_1_309' title='bbox 441 2475 565 2532; x_wconf 88' lang='lat' dir='ltr'><strong>Athenis.</strong></span> <span class='ocrx_word' id='word_1_310' title='bbox 585 2475 761 2531; x_wconf 73' lang='lat' dir='ltr'><strong>Alexandria</strong></span> <span class='ocrx_word' id='word_1_311' title='bbox 774 2475 912 2548; x_wconf 91' lang='lat' dir='ltr'><strong>perillam</strong></span> <span class='ocrx_word' id='word_1_312' title='bbox 958 2475 1053 2532; x_wconf 88' lang='lat' dir='ltr'><strong>fructu</strong></span> <span class='ocrx_word' id='word_1_313' title='bbox 1065 2476 1102 2532; x_wconf 93' lang='lat' dir='ltr'><strong>ad</strong></span> <span class='ocrx_word' id='word_1_314' title='bbox 1118 2477 1265 2532; x_wconf 88' lang='lat' dir='ltr'><strong>historiam</strong></span> <span class='ocrx_word' id='word_1_315' title='bbox 1280 2476 1497 2548; x_wconf 76' lang='lat' dir='ltr'><strong>applicaverant.</strong></span> <span class='ocrx_word' id='word_1_316' title='bbox 1509 2473 1663 2528; x_wconf 85' lang='lat' dir='ltr'><strong>Florebant</strong></span> <span class='ocrx_word' id='word_1_317' title='bbox 1673 2491 1733 2527; x_wconf 90' lang='lat' dir='ltr'><strong>no-</strong></span> 
     </span>
     <span class='ocr_line' id='line_1_26' title="bbox 131 2560 1732 2634; baseline 0 -21"><span class='ocrx_word' id='word_1_318' title='bbox 131 2569 242 2614; x_wconf 78' lang='lat' dir='ltr'><strong>aetatem</strong></span> <span class='ocrx_word' id='word_1_319' title='bbox 251 2562 676 2630; x_wconf 85' lang='lat' dir='ltr'><strong>eaeartesmaximecolebantur,</strong></span> <span class='ocrx_word' id='word_1_320' title='bbox 684 2563 786 2634; x_wconf 91' lang='lat' dir='ltr'><strong>quihus</strong></span> <span class='ocrx_word' id='word_1_321' title='bbox 794 2562 911 2616; x_wconf 89' lang='lat' dir='ltr'><strong>Polemo</strong></span> <span class='ocrx_word' id='word_1_322' title='bbox 957 2565 1034 2619; x_wconf 90' lang='lat' dir='ltr'><strong>mina</strong></span> <span class='ocrx_word' id='word_1_323' title='bbox 1053 2564 1169 2620; x_wconf 88' lang='lat' dir='ltr'><strong>Cratetis</strong></span> <span class='ocrx_word' id='word_1_324' title='bbox 1190 2563 1378 2630; x_wconf 89' lang='lat' dir='ltr'><strong>Atheniensis,</strong></span> <span class='ocrx_word' id='word_1_325' title='bbox 1397 2561 1600 2628; x_wconf 86' lang='lat' dir='ltr'><strong>Eratosthenis,</strong></span> <span class='ocrx_word' id='word_1_326' title='bbox 1626 2560 1732 2614; x_wconf 92' lang='lat' dir='ltr'><strong>Aristo·</strong></span> 
     </span>
     <span class='ocr_line' id='line_1_27' title="bbox 132 2647 1736 2724; baseline -0.001 -24"><span class='ocrx_word' id='word_1_327' title='bbox 132 2648 304 2720; x_wconf 79' lang='lat' dir='ltr'><strong>conspicuus</strong></span> <span class='ocrx_word' id='word_1_328' title='bbox 324 2657 398 2716; x_wconf 88' lang='lat' dir='ltr'><strong>erat,</strong></span> <span class='ocrx_word' id='word_1_329' title='bbox 419 2649 556 2704; x_wconf 82' lang='lat' dir='ltr'><strong>historicae</strong></span> <span class='ocrx_word' id='word_1_330' title='bbox 574 2659 602 2704; x_wconf 89' lang='lat' dir='ltr'><strong>et</strong></span> <span class='ocrx_word' id='word_1_331' title='bbox 620 2649 818 2724; x_wconf 61' lang='lat' dir='ltr'><strong>grammaticam</strong></span> <span class='ocrx_word' id='word_1_332' title='bbox 845 2667 913 2720; x_wconf 88' lang='lat' dir='ltr'><strong>quas</strong></span> <span class='ocrx_word' id='word_1_333' title='bbox 957 2651 1070 2723; x_wconf 90' lang='lat' dir='ltr'><strong>phanis,</strong></span> <span class='ocrx_word' id='word_1_334' title='bbox 1086 2651 1282 2722; x_wconf 87' lang='lat' dir='ltr'><strong>aliorum,qui</strong></span> <span class='ocrx_word' id='word_1_335' title='bbox 1295 2647 1463 2705; x_wconf 87' lang='lat' dir='ltr'><strong>comoediam</strong></span> <span class='ocrx_word' id='word_1_336' title='bbox 1477 2647 1598 2702; x_wconf 88' lang='lat' dir='ltr'><strong>Atticam</strong></span> <span class='ocrx_word' id='word_1_337' title='bbox 1614 2664 1648 2700; x_wconf 89' lang='lat' dir='ltr'><strong>ex</strong></span> <span class='ocrx_word' id='word_1_338' title='bbox 1661 2647 1736 2702; x_wconf 92' lang='lat' dir='ltr'><strong>anti-</strong></span> 
     </span>
     <span class='ocr_line' id='line_1_28' title="bbox 132 2732 1732 2810; baseline -0.001 -21"><span class='ocrx_word' id='word_1_339' title='bbox 132 2735 184 2806; x_wconf 90' lang='lat' dir='ltr'><strong>qui</strong></span> <span class='ocrx_word' id='word_1_340' title='bbox 194 2733 322 2790; x_wconf 86' lang='lat' dir='ltr'><strong>studiose</strong></span> <span class='ocrx_word' id='word_1_341' title='bbox 331 2732 465 2807; x_wconf 79' lang='lat' dir='ltr'><strong>ediscere,</strong></span> <span class='ocrx_word' id='word_1_342' title='bbox 482 2738 530 2809; x_wconf 91' lang='lat' dir='ltr'><strong>qui</strong></span> <span class='ocrx_word' id='word_1_343' title='bbox 538 2738 649 2810; x_wconf 90' lang='lat' dir='ltr'><strong>penitus</strong></span> <span class='ocrx_word' id='word_1_344' title='bbox 658 2737 770 2791; x_wconf 90' lang='lat' dir='ltr'><strong>haurire</strong></span> <span class='ocrx_word' id='word_1_345' title='bbox 783 2735 911 2802; x_wconf 85' lang='lat' dir='ltr'><strong>volebat,</strong></span> <span class='ocrx_word' id='word_1_346' title='bbox 959 2737 1112 2809; x_wconf 91' lang='lat' dir='ltr'><strong>quitatibus</strong></span> <span class='ocrx_word' id='word_1_347' title='bbox 1129 2738 1227 2794; x_wconf 89' lang='lat' dir='ltr'><strong>Atticis</strong></span> <span class='ocrx_word' id='word_1_348' title='bbox 1241 2736 1426 2791; x_wconf 88' lang='lat' dir='ltr'><strong>illustrabant.</strong></span> <span class='ocrx_word' id='word_1_349' title='bbox 1440 2733 1575 2802; x_wconf 88' lang='lat' dir='ltr'><strong>Vivebat,</strong></span> <span class='ocrx_word' id='word_1_350' title='bbox 1594 2733 1625 2787; x_wconf 88' lang='lat' dir='ltr'><strong>ni</strong></span> <span class='ocrx_word' id='word_1_351' title='bbox 1639 2732 1732 2802; x_wconf 87' lang='lat' dir='ltr'><strong>fallor,</strong></span> 
     </span>
     <span class='ocr_line' id='line_1_29' title="bbox 133 2821 1736 2896; baseline 0 -22"><span class='ocrx_word' id='word_1_352' title='bbox 133 2823 595 2895; x_wconf 85' lang='lat' dir='ltr'><strong>nonpoteratquinAlexandrinis</strong></span> <span class='ocrx_word' id='word_1_353' title='bbox 604 2823 770 2878; x_wconf 86' lang='lat' dir='ltr'><strong>doctoribus</strong></span> <span class='ocrx_word' id='word_1_354' title='bbox 780 2823 914 2896; x_wconf 87' lang='lat' dir='ltr'><strong>temporis</strong></span> <span class='ocrx_word' id='word_1_355' title='bbox 959 2824 1055 2879; x_wconf 89' lang='lat' dir='ltr'><strong>eadem</strong></span> <span class='ocrx_word' id='word_1_356' title='bbox 1073 2834 1153 2880; x_wconf 87' lang='lat' dir='ltr'><strong>aetate</strong></span> <span class='ocrx_word' id='word_1_357' title='bbox 1170 2823 1315 2880; x_wconf 90' lang='lat' dir='ltr'><strong>Diodorus</strong></span> <span class='ocrx_word' id='word_1_358' title='bbox 1336 2821 1511 2877; x_wconf 91' lang='lat' dir='ltr'><strong>Atheniensis</strong></span> <span class='ocrx_word' id='word_1_359' title='bbox 1524 2821 1573 2893; x_wconf 91' lang='lat' dir='ltr'><strong>qui</strong></span> <span class='ocrx_word' id='word_1_360' title='bbox 1587 2821 1736 2895; x_wconf 88' lang='lat' dir='ltr'><strong>Pen&#39;egetae</strong></span> 
     </span>
     <span class='ocr_line' id='line_1_30' title="bbox 133 2905 1736 2984; baseline -0.002 -22"><span class='ocrx_word' id='word_1_361' title='bbox 133 2925 289 2982; x_wconf 67' lang='lat' dir='ltr'><strong>operaque</strong></span> <span class='ocrx_word' id='word_1_362' title='bbox 316 2909 491 2982; x_wconf 88' lang='lat' dir='ltr'><strong>aliquantum</strong></span> <span class='ocrx_word' id='word_1_363' title='bbox 517 2909 702 2984; x_wconf 86' lang='lat' dir='ltr'><strong>impenderet.</strong></span> <span class='ocrx_word' id='word_1_364' title='bbox 725 2909 807 2964; x_wconf 89' lang='lat' dir='ltr'><strong>Adde</strong></span> <span class='ocrx_word' id='word_1_365' title='bbox 835 2907 914 2982; x_wconf 91' lang='lat' dir='ltr'><strong>quod</strong></span> <span class='ocrx_word' id='word_1_366' title='bbox 958 2929 1063 2965; x_wconf 91' lang='lat' dir='ltr'><strong>nomen</strong></span> <span class='ocrx_word' id='word_1_367' title='bbox 1077 2921 1210 2982; x_wconf 90' lang='lat' dir='ltr'><strong>tanquam</strong></span> <span class='ocrx_word' id='word_1_368' title='bbox 1223 2905 1549 2982; x_wconf 80' lang='lat' dir='ltr'><strong>propriae&#39;professionis</strong></span> <span class='ocrx_word' id='word_1_369' title='bbox 1569 2905 1736 2978; x_wconf 88' lang='lat' dir='ltr'><strong>appellatio-</strong></span> 
     </span>
     <span class='ocr_line' id='line_1_31' title="bbox 134 2991 1735 3072; baseline -0.002 -22"><span class='ocrx_word' id='word_1_370' title='bbox 134 3007 244 3052; x_wconf 85' lang='lat' dir='ltr'><strong>constat</strong></span> <span class='ocrx_word' id='word_1_371' title='bbox 254 2991 286 3072; x_wconf 77' lang='lat' dir='ltr'><strong>(i)</strong></span> <span class='ocrx_word' id='word_1_372' title='bbox 300 2995 403 3052; x_wconf 87' lang='lat' dir='ltr'><strong>vidisse</strong></span> <span class='ocrx_word' id='word_1_373' title='bbox 419 3007 545 3052; x_wconf 88' lang='lat' dir='ltr'><strong>nostrum</strong></span> <span class='ocrx_word' id='word_1_374' title='bbox 557 2997 649 3052; x_wconf 87' lang='lat' dir='ltr'><strong>aulam</strong></span> <span class='ocrx_word' id='word_1_375' title='bbox 665 2998 808 3052; x_wconf 82' lang='lat' dir='ltr'><strong>Ptolemaei</strong></span> <span class='ocrx_word' id='word_1_376' title='bbox 822 2997 914 3051; x_wconf 89' lang='lat' dir='ltr'><strong>Euer-</strong></span> <span class='ocrx_word' id='word_1_377' title='bbox 959 3017 1039 3068; x_wconf 91' lang='lat' dir='ltr'><strong>nem,</strong></span> <span class='ocrx_word' id='word_1_378' title='bbox 1054 3001 1128 3054; x_wconf 88' lang='lat' dir='ltr'><strong>inter</strong></span> <span class='ocrx_word' id='word_1_379' title='bbox 1139 2999 1303 3054; x_wconf 87' lang='lat' dir='ltr'><strong>historicam</strong></span> <span class='ocrx_word' id='word_1_380' title='bbox 1321 3005 1406 3068; x_wconf 89' lang='lat' dir='ltr'><strong>atque</strong></span> <span class='ocrx_word' id='word_1_381' title='bbox 1424 2993 1633 3067; x_wconf 82' lang='lat' dir='ltr'><strong>grammaticam</strong></span> <span class='ocrx_word' id='word_1_382' title='bbox 1647 3003 1735 3046; x_wconf 90' lang='lat' dir='ltr'><strong>artem</strong></span> 
     </span>
     <span class='ocr_line' id='line_1_32' title="bbox 133 3078 1736 3160; baseline -0.012 -7"><span class='ocrx_word' id='word_1_383' title='bbox 133 3091 203 3158; x_wconf 63' lang='lat'><strong>8²¹²</strong></span> <span class='ocrx_word' id='word_1_384' title='bbox 216 3101 251 3138; x_wconf 72' lang='lat'><strong>‘¹</strong></span> <span class='ocrx_word' id='word_1_385' title='bbox 262 3083 366 3141; x_wconf 60' lang='lat' dir='ltr'><strong>Athen·</strong></span> <span class='ocrx_word' id='word_1_386' title='bbox 384 3084 455 3152; x_wconf 68' lang='grc' dir='ltr'><strong>ΧΠ,</strong></span> <span class='ocrx_word' id='word_1_387' title='bbox 470 3101 501 3158; x_wconf 85' lang='lat' dir='ltr'><strong>P·</strong></span> <span class='ocrx_word' id='word_1_388' title='bbox 519 3083 587 3158; x_wconf 73' lang='lat'><strong>552,</strong></span> <span class='ocrx_word' id='word_1_389' title='bbox 601 3087 626 3140; x_wconf 84' lang='lat' dir='ltr'><strong>A</strong></span> <span class='ocrx_word' id='word_1_390' title='bbox 641 3083 689 3159; x_wconf 79' lang='lat' dir='ltr'><strong>(ir.</strong></span> <span class='ocrx_word' id='word_1_391' title='bbox 707 3081 777 3158; x_wconf 75' lang='lat' dir='ltr'><strong>dlii,</strong></span> <span class='ocrx_word' id='word_1_392' title='bbox 796 3093 823 3139; x_wconf 84' lang='lat' dir='ltr'><strong>et</strong></span> <span class='ocrx_word' id='word_1_393' title='bbox 835 3083 914 3156; x_wconf 87' lang='lat' dir='ltr'><strong>quod</strong></span> <span class='ocrx_word' id='word_1_394' title='bbox 959 3086 1073 3156; x_wconf 74' lang='lat' dir='ltr'><strong>medie,</strong></span> <span class='ocrx_word' id='word_1_395' title='bbox 1087 3087 1196 3160; x_wconf 89' lang='lat' dir='ltr'><strong>primus</strong></span> <span class='ocrx_word' id='word_1_396' title='bbox 1208 3083 1261 3139; x_wconf 89' lang='lat' dir='ltr'><strong>sibi</strong></span> <span class='ocrx_word' id='word_1_397' title='bbox 1274 3081 1421 3138; x_wconf 76' lang='lat' dir='ltr'><strong>adscivisse</strong></span> <span class='ocrx_word' id='word_1_398' title='bbox 1440 3078 1518 3134; x_wconf 90' lang='lat' dir='ltr'><strong>etad</strong></span> <span class='ocrx_word' id='word_1_399' title='bbox 1532 3079 1675 3152; x_wconf 88' lang='lat' dir='ltr'><strong>peculiare</strong></span> <span class='ocrx_word' id='word_1_400' title='bbox 1688 3079 1736 3134; x_wconf 87' lang='lat' dir='ltr'><strong>tit-</strong></span> 
     </span>
     <span class='ocr_line' id='line_1_33' title="bbox 134 3165 1734 3246; baseline -0.002 -22"><span class='ocrx_word' id='word_1_401' title='bbox 134 3170 355 3242; x_wconf 81' lang='lat' dir='ltr'><strong>libriejusinter</strong></span> <span class='ocrx_word' id='word_1_402' title='bbox 366 3173 534 3244; x_wconf 88' lang='lat' dir='ltr'><strong>posteriores</strong></span> <span class='ocrx_word' id='word_1_403' title='bbox 544 3173 740 3245; x_wconf 85' lang='lat' dir='ltr'><strong>grammaticos</strong></span> <span class='ocrx_word' id='word_1_404' title='bbox 748 3169 912 3226; x_wconf 83' lang='lat' dir='ltr'><strong>maximeab</strong></span> <span class='ocrx_word' id='word_1_405' title='bbox 960 3184 1083 3228; x_wconf 74' lang='lat' dir='ltr'><strong>teramum</strong></span> <span class='ocrx_word' id='word_1_406' title='bbox 1104 3189 1191 3246; x_wconf 86' lang='lat' dir='ltr'><strong>genus</strong></span> <span class='ocrx_word' id='word_1_407' title='bbox 1214 3169 1368 3224; x_wconf 67' lang='lat' dir='ltr'><strong>uindicasse</strong></span> <span class='ocrx_word' id='word_1_408' title='bbox 1390 3165 1515 3222; x_wconf 85' lang='lat' dir='ltr'><strong>videtur.</strong></span> <span class='ocrx_word' id='word_1_409' title='bbox 1537 3165 1597 3222; x_wconf 80' lang='lat' dir='ltr'><strong>flos</strong></span> <span class='ocrx_word' id='word_1_410' title='bbox 1617 3165 1734 3222; x_wconf 86' lang='lat' dir='ltr'><strong>Polemo</strong></span> 
     </span>
     <span class='ocr_line' id='line_1_34' title="bbox 135 3253 1738 3334; baseline -0.003 -21"><span class='ocrx_word' id='word_1_411' title='bbox 135 3256 332 3312; x_wconf 80' lang='lat' dir='ltr'><strong>Alexandrinis</strong></span> <span class='ocrx_word' id='word_1_412' title='bbox 349 3257 567 3330; x_wconf 86' lang='lat' dir='ltr'><strong>usurpabantur,</strong></span> <span class='ocrx_word' id='word_1_413' title='bbox 582 3257 710 3331; x_wconf 87' lang='lat' dir='ltr'><strong>inprimis</strong></span> <span class='ocrx_word' id='word_1_414' title='bbox 723 3255 758 3312; x_wconf 89' lang='lat' dir='ltr'><strong>ab</strong></span> <span class='ocrx_word' id='word_1_415' title='bbox 780 3255 912 3328; x_wconf 83' lang='lat' dir='ltr'><strong>Didymo.</strong></span> <span class='ocrx_word' id='word_1_416' title='bbox 959 3271 1093 3334; x_wconf 88' lang='lat' dir='ltr'><strong>sequutus</strong></span> <span class='ocrx_word' id='word_1_417' title='bbox 1113 3271 1169 3328; x_wconf 92' lang='lat' dir='ltr'><strong>est,</strong></span> <span class='ocrx_word' id='word_1_418' title='bbox 1191 3267 1357 3329; x_wconf 87' lang='lat' dir='ltr'><strong>tantumque</strong></span> <span class='ocrx_word' id='word_1_419' title='bbox 1377 3273 1444 3310; x_wconf 90' lang='lat' dir='ltr'><strong>mox</strong></span> <span class='ocrx_word' id='word_1_420' title='bbox 1469 3253 1505 3308; x_wconf 93' lang='lat' dir='ltr'><strong>de</strong></span> <span class='ocrx_word' id='word_1_421' title='bbox 1525 3253 1738 3326; x_wconf 83' lang='lat' dir='ltr'><strong>antiquitatibus</strong></span> 
     </span>
     <span class='ocr_line' id='line_1_35' title="bbox 134 3341 1737 3418; baseline -0.001 -20"><span class='ocrx_word' id='word_1_422' title='bbox 134 3343 164 3398; x_wconf 87' lang='lat' dir='ltr'><strong>si</strong></span> <span class='ocrx_word' id='word_1_423' title='bbox 181 3353 255 3400; x_wconf 84' lang='lat' dir='ltr'><strong>certa</strong></span> <span class='ocrx_word' id='word_1_424' title='bbox 268 3343 385 3398; x_wconf 90' lang='lat' dir='ltr'><strong>nomina</strong></span> <span class='ocrx_word' id='word_1_425' title='bbox 405 3345 534 3416; x_wconf 85' lang='lat' dir='ltr'><strong>expromi</strong></span> <span class='ocrx_word' id='word_1_426' title='bbox 547 3344 628 3414; x_wconf 82' lang='lat' dir='ltr'><strong>velis,</strong></span> <span class='ocrx_word' id='word_1_427' title='bbox 646 3341 741 3418; x_wconf 89' lang='lat' dir='ltr'><strong>potuit</strong></span> <span class='ocrx_word' id='word_1_428' title='bbox 752 3345 799 3398; x_wconf 92' lang='lat' dir='ltr'><strong>ille</strong></span> <span class='ocrx_word' id='word_1_429' title='bbox 813 3343 914 3399; x_wconf 85' lang='lat' dir='ltr'><strong>audire</strong></span> <span class='ocrx_word' id='word_1_430' title='bbox 961 3349 1058 3403; x_wconf 83' lang='lat' dir='ltr'><strong>Atticis</strong></span> <span class='ocrx_word' id='word_1_431' title='bbox 1067 3365 1101 3402; x_wconf 91' lang='lat' dir='ltr'><strong>ex</strong></span> <span class='ocrx_word' id='word_1_432' title='bbox 1108 3345 1297 3401; x_wconf 88' lang='lat' dir='ltr'><strong>monumentis</strong></span> <span class='ocrx_word' id='word_1_433' title='bbox 1306 3353 1335 3398; x_wconf 93' lang='lat' dir='ltr'><strong>et</strong></span> <span class='ocrx_word' id='word_1_434' title='bbox 1341 3341 1569 3415; x_wconf 87' lang='lat' dir='ltr'><strong>inscriptionibus</strong></span> <span class='ocrx_word' id='word_1_435' title='bbox 1576 3341 1737 3396; x_wconf 89' lang='lat' dir='ltr'><strong>collustran-</strong></span> 
     </span>
     <span class='ocr_line' id='line_1_36' title="bbox 137 3427 1737 3502; baseline -0.009 -16"><span class='ocrx_word' id='word_1_436' title='bbox 137 3430 356 3498; x_wconf 71' lang='lat' dir='ltr'><strong>Callimachum,</strong></span> <span class='ocrx_word' id='word_1_437' title='bbox 370 3432 466 3502; x_wconf 92' lang='lat' dir='ltr'><strong>potuit</strong></span> <span class='ocrx_word' id='word_1_438' title='bbox 475 3431 560 3484; x_wconf 91' lang='lat' dir='ltr'><strong>etiarn</strong></span> <span class='ocrx_word' id='word_1_439' title='bbox 575 3431 788 3486; x_wconf 88' lang='lat' dir='ltr'><strong>Eratosthenem</strong></span> <span class='ocrx_word' id='word_1_440' title='bbox 803 3428 913 3497; x_wconf 88' lang='lat' dir='ltr'><strong>audire,</strong></span> <span class='ocrx_word' id='word_1_441' title='bbox 961 3434 1004 3490; x_wconf 72' lang='lat' dir='ltr'><strong>die</strong></span> <span class='ocrx_word' id='word_1_442' title='bbox 1012 3433 1133 3502; x_wconf 71' lang='lat' dir='ltr'><strong>mereris,</strong></span> <span class='ocrx_word' id='word_1_443' title='bbox 1143 3443 1176 3487; x_wconf 79' lang='lat' dir='ltr'><strong>ut</strong></span> <span class='ocrx_word' id='word_1_444' title='bbox 1187 3433 1365 3487; x_wconf 68' lang='lat' dir='ltr'><strong>Athenienses</strong></span> <span class='ocrx_word' id='word_1_445' title='bbox 1377 3447 1440 3485; x_wconf 81' lang='lat' dir='ltr'><strong>eum</strong></span> <span class='ocrx_word' id='word_1_446' title='bbox 1451 3429 1525 3482; x_wconf 79' lang='lat' dir='ltr'><strong>inter</strong></span> <span class='ocrx_word' id='word_1_447' title='bbox 1535 3427 1608 3482; x_wconf 70' lang='lat' dir='ltr'><strong>cives</strong></span> <span class='ocrx_word' id='word_1_448' title='bbox 1619 3427 1737 3501; x_wconf 66' lang='lat' dir='ltr'><strong>adepte.</strong></span> 
     </span>
     <span class='ocr_line' id='line_1_37' title="bbox 139 3515 1737 3590; baseline -0.001 -18"><span class='ocrx_word' id='word_1_449' title='bbox 139 3518 356 3590; x_wconf 87' lang='lat' dir='ltr'><strong>quiPolemone</strong></span> <span class='ocrx_word' id='word_1_450' title='bbox 371 3515 545 3572; x_wconf 88' lang='lat' dir='ltr'><strong>adolescente</strong></span> <span class='ocrx_word' id='word_1_451' title='bbox 557 3519 670 3572; x_wconf 90' lang='lat' dir='ltr'><strong>summis</strong></span> <span class='ocrx_word' id='word_1_452' title='bbox 688 3517 799 3572; x_wconf 89' lang='lat' dir='ltr'><strong>illarum</strong></span> <span class='ocrx_word' id='word_1_453' title='bbox 814 3516 915 3570; x_wconf 88' lang='lat' dir='ltr'><strong>artium</strong></span> <span class='ocrx_word' id='word_1_454' title='bbox 960 3531 1036 3590; x_wconf 81' lang='lat' dir='ltr'><strong>rent3</strong></span> <span class='ocrx_word' id='word_1_455' title='bbox 1051 3521 1098 3576; x_wconf 88' lang='lat' dir='ltr'><strong>cui</strong></span> <span class='ocrx_word' id='word_1_456' title='bbox 1112 3529 1205 3574; x_wconf 74' lang='lat' dir='ltr'><strong>umen</strong></span> <span class='ocrx_word' id='word_1_457' title='bbox 1220 3519 1262 3572; x_wconf 89' lang='lat' dir='ltr'><strong>rei</strong></span> <span class='ocrx_word' id='word_1_458' title='bbox 1274 3515 1430 3572; x_wconf 84' lang='lat' dir='ltr'><strong>cavendum</strong></span> <span class='ocrx_word' id='word_1_459' title='bbox 1440 3532 1477 3569; x_wconf 89' lang='lat' dir='ltr'><strong>ne</strong></span> <span class='ocrx_word' id='word_1_460' title='bbox 1491 3515 1610 3568; x_wconf 91' lang='lat' dir='ltr'><strong>nimium</strong></span> <span class='ocrx_word' id='word_1_461' title='bbox 1631 3515 1737 3570; x_wconf 90' lang='lat' dir='ltr'><strong>tribua·</strong></span> 
     </span>
     <span class='ocr_line' id='line_1_38' title="bbox 137 3602 1738 3680; baseline -0.001 -20"><span class='ocrx_word' id='word_1_462' title='bbox 137 3603 270 3661; x_wconf 87' lang='lat' dir='ltr'><strong>laudibus</strong></span> <span class='ocrx_word' id='word_1_463' title='bbox 283 3604 463 3660; x_wconf 84' lang='lat' dir='ltr'><strong>excellebant.</strong></span> <span class='ocrx_word' id='word_1_464' title='bbox 480 3606 524 3660; x_wconf 92' lang='lat' dir='ltr'><strong>De</strong></span> <span class='ocrx_word' id='word_1_465' title='bbox 542 3605 724 3660; x_wconf 87' lang='lat' dir='ltr'><strong>Eratosthene</strong></span> <span class='ocrx_word' id='word_1_466' title='bbox 737 3603 797 3658; x_wconf 93' lang='lat' dir='ltr'><strong>noli</strong></span> <span class='ocrx_word' id='word_1_467' title='bbox 818 3613 916 3658; x_wconf 82' lang='lat' dir='ltr'><strong>contm</strong></span> <span class='ocrx_word' id='word_1_468' title='bbox 960 3625 1035 3676; x_wconf 90' lang='lat' dir='ltr'><strong>mus,</strong></span> <span class='ocrx_word' id='word_1_469' title='bbox 1048 3625 1135 3680; x_wconf 90' lang='lat' dir='ltr'><strong>quum</strong></span> <span class='ocrx_word' id='word_1_470' title='bbox 1147 3615 1255 3661; x_wconf 90' lang='lat' dir='ltr'><strong>constet</strong></span> <span class='ocrx_word' id='word_1_471' title='bbox 1268 3621 1333 3660; x_wconf 86' lang='lat' dir='ltr'><strong>eum</strong></span> <span class='ocrx_word' id='word_1_472' title='bbox 1344 3603 1483 3657; x_wconf 88' lang='lat' dir='ltr'><strong>honorem</strong></span> <span class='ocrx_word' id='word_1_473' title='bbox 1492 3619 1543 3674; x_wconf 90' lang='lat' dir='ltr'><strong>per</strong></span> <span class='ocrx_word' id='word_1_474' title='bbox 1552 3602 1603 3657; x_wconf 89' lang='lat' dir='ltr'><strong>ista</strong></span> <span class='ocrx_word' id='word_1_475' title='bbox 1611 3611 1738 3676; x_wconf 90' lang='lat' dir='ltr'><strong>tempora</strong></span> 
     </span>
     <span class='ocr_line' id='line_1_39' title="bbox 138 3689 1736 3767; baseline -0.001 -22"><span class='ocrx_word' id='word_1_476' title='bbox 138 3709 255 3748; x_wconf 86' lang='lat' dir='ltr'><strong>monere</strong></span> <span class='ocrx_word' id='word_1_477' title='bbox 270 3689 352 3764; x_wconf 90' lang='lat' dir='ltr'><strong>quod</strong></span> <span class='ocrx_word' id='word_1_478' title='bbox 362 3691 478 3746; x_wconf 89' lang='lat' dir='ltr'><strong>Polemo</strong></span> <span class='ocrx_word' id='word_1_479' title='bbox 492 3691 602 3764; x_wconf 88' lang='lat' dir='ltr'><strong>scripsit</strong></span> <span class='ocrx_word' id='word_1_480' title='bbox 613 3690 742 3746; x_wconf 80' lang='lat' dir='ltr'><strong>adversus</strong></span> <span class='ocrx_word' id='word_1_481' title='bbox 756 3689 915 3746; x_wconf 74' lang='lat' dir='ltr'><strong>Emtosthe·</strong></span> <span class='ocrx_word' id='word_1_482' title='bbox 961 3695 1085 3750; x_wconf 90' lang='lat' dir='ltr'><strong>facillimi</strong></span> <span class='ocrx_word' id='word_1_483' title='bbox 1098 3694 1205 3767; x_wconf 90' lang='lat' dir='ltr'><strong>negotii</strong></span> <span class='ocrx_word' id='word_1_484' title='bbox 1218 3691 1310 3746; x_wconf 81' lang='lat' dir='ltr'><strong>finisse.</strong></span> <span class='ocrx_word' id='word_1_485' title='bbox 1328 3720 1366 3732; x_wconf 92' lang='lat'>-</span> <span class='ocrx_word' id='word_1_486' title='bbox 1378 3689 1495 3744; x_wconf 89' lang='lat' dir='ltr'><strong>Athenis</strong></span> <span class='ocrx_word' id='word_1_487' title='bbox 1506 3689 1689 3743; x_wconf 89' lang='lat' dir='ltr'><strong>Polemonem</strong></span> <span class='ocrx_word' id='word_1_488' title='bbox 1700 3689 1736 3744; x_wconf 91' lang='lat' dir='ltr'><strong>ad</strong></span> 
     </span>
     <span class='ocr_line' id='line_1_40' title="bbox 138 3773 1737 3852; baseline -0.002 -18"><span class='ocrx_word' id='word_1_489' title='bbox 138 3797 219 3847; x_wconf 69' lang='grc' dir='ltr'><strong>πως</strong></span> <span class='ocrx_word' id='word_1_490' title='bbox 230 3778 343 3851; x_wconf 88' lang='lat' dir='ltr'><strong>scripsit</strong></span> <span class='ocrx_word' id='word_1_491' title='bbox 356 3778 440 3833; x_wconf 87' lang='lat' dir='ltr'><strong>etiam</strong></span> <span class='ocrx_word' id='word_1_492' title='bbox 452 3779 651 3852; x_wconf 87' lang='lat' dir='ltr'><strong>Aristophanes</strong></span> <span class='ocrx_word' id='word_1_493' title='bbox 674 3777 806 3832; x_wconf 87' lang='lat' dir='ltr'><strong>adversus</strong></span> <span class='ocrx_word' id='word_1_494' title='bbox 823 3773 914 3852; x_wconf 75' lang='grc' dir='ltr'>(πρὸς)</span> <span class='ocrx_word' id='word_1_495' title='bbox 962 3791 1066 3836; x_wconf 87' lang='lat' dir='ltr'><strong>ceteras</strong></span> <span class='ocrx_word' id='word_1_496' title='bbox 1083 3780 1195 3837; x_wconf 80' lang='lat' dir='ltr'><strong>Graeciae</strong></span> <span class='ocrx_word' id='word_1_497' title='bbox 1213 3789 1241 3834; x_wconf 92' lang='lat' dir='ltr'><strong>et</strong></span> <span class='ocrx_word' id='word_1_498' title='bbox 1251 3777 1355 3850; x_wconf 91' lang='lat' dir='ltr'><strong>reliqui</strong></span> <span class='ocrx_word' id='word_1_499' title='bbox 1369 3776 1447 3830; x_wconf 91' lang='lat' dir='ltr'><strong>orbis</strong></span> <span class='ocrx_word' id='word_1_500' title='bbox 1460 3785 1599 3830; x_wconf 88' lang='lat' dir='ltr'><strong>terrarum</strong></span> <span class='ocrx_word' id='word_1_501' title='bbox 1613 3776 1737 3832; x_wconf 83' lang='lat' dir='ltr'><strong>civitates</strong></span> 
     </span>
     <span class='ocr_line' id='line_1_41' title="bbox 138 3861 1738 3942; baseline -0.003 -20"><span class='ocrx_word' id='word_1_502' title='bbox 138 3866 299 3922; x_wconf 83' lang='lat' dir='ltr'><strong>Callimachi</strong></span> <span class='ocrx_word' id='word_1_503' title='bbox 309 3866 492 3938; x_wconf 71' lang='lat' dir='ltr'><strong>praeceptoris</strong></span> <span class='ocrx_word' id='word_1_504' title='bbox 503 3861 624 3930; x_wconf 74' lang='lat' dir='ltr'><strong>clausae.</strong></span> <span class='ocrx_word' id='word_1_505' title='bbox 636 3864 684 3921; x_wconf 93' lang='lat' dir='ltr'><strong>Ad</strong></span> <span class='ocrx_word' id='word_1_506' title='bbox 701 3865 824 3920; x_wconf 85' lang='lat' dir='ltr'><strong>Athenas</strong></span> <span class='ocrx_word' id='word_1_507' title='bbox 837 3863 916 3937; x_wconf 92' lang='lat' dir='ltr'><strong>quod</strong></span> <span class='ocrx_word' id='word_1_508' title='bbox 962 3869 1107 3924; x_wconf 87' lang='lat' dir='ltr'><strong>obeundas</strong></span> <span class='ocrx_word' id='word_1_509' title='bbox 1123 3867 1278 3942; x_wconf 86' lang='lat' dir='ltr'><strong>perrexisse</strong></span> <span class='ocrx_word' id='word_1_510' title='bbox 1296 3875 1324 3920; x_wconf 90' lang='lat' dir='ltr'><strong>et</strong></span> <span class='ocrx_word' id='word_1_511' title='bbox 1343 3862 1422 3936; x_wconf 91' lang='lat' dir='ltr'><strong>quod</strong></span> <span class='ocrx_word' id='word_1_512' title='bbox 1441 3863 1504 3917; x_wconf 80' lang='lat' dir='ltr'><strong>vitae</strong></span> <span class='ocrx_word' id='word_1_513' title='bbox 1523 3863 1664 3937; x_wconf 91' lang='lat' dir='ltr'><strong>reliquum</strong></span> <span class='ocrx_word' id='word_1_514' title='bbox 1679 3875 1738 3918; x_wconf 85' lang='lat' dir='ltr'><strong>erat</strong></span> 
     </span>
     <span class='ocr_line' id='line_1_42' title="bbox 138 3949 1736 4029; baseline -0.003 -21"><span class='ocrx_word' id='word_1_515' title='bbox 138 3954 252 4020; x_wconf 84' lang='lat' dir='ltr'><strong>attinet,</strong></span> <span class='ocrx_word' id='word_1_516' title='bbox 274 3951 457 4006; x_wconf 88' lang='lat' dir='ltr'><strong>Polemonem</strong></span> <span class='ocrx_word' id='word_1_517' title='bbox 473 3951 539 4006; x_wconf 81' lang='lat' dir='ltr'><strong>hrric</strong></span> <span class='ocrx_word' id='word_1_518' title='bbox 556 3951 623 4006; x_wconf 87' lang='lat' dir='ltr'><strong>urbi</strong></span> <span class='ocrx_word' id='word_1_519' title='bbox 643 3952 764 4006; x_wconf 87' lang='lat' dir='ltr'><strong>multum</strong></span> <span class='ocrx_word' id='word_1_520' title='bbox 782 3951 917 4024; x_wconf 87' lang='lat' dir='ltr'><strong>temporis</strong></span> <span class='ocrx_word' id='word_1_521' title='bbox 961 3957 1035 4010; x_wconf 90' lang='lat' dir='ltr'><strong>iuter</strong></span> <span class='ocrx_word' id='word_1_522' title='bbox 1045 3953 1282 4029; x_wconf 89' lang='lat' dir='ltr'><strong>peregrinandum</strong></span> <span class='ocrx_word' id='word_1_523' title='bbox 1295 3951 1354 4006; x_wconf 87' lang='lat' dir='ltr'><strong>fere</strong></span> <span class='ocrx_word' id='word_1_524' title='bbox 1367 3951 1546 4005; x_wconf 83' lang='lat' dir='ltr'><strong>cousumsisse</strong></span> <span class='ocrx_word' id='word_1_525' title='bbox 1556 3949 1736 4018; x_wconf 78' lang='lat' dir='ltr'><strong>crediderim,</strong></span> 
     </span>
     <span class='ocr_line' id='line_1_43' title="bbox 139 4034 1734 4115; baseline -0.004 -21"><span class='ocrx_word' id='word_1_526' title='bbox 139 4040 267 4094; x_wconf 87' lang='lat' dir='ltr'><strong>tribuisse</strong></span> <span class='ocrx_word' id='word_1_527' title='bbox 286 4038 333 4092; x_wconf 90' lang='lat' dir='ltr'><strong>vel</strong></span> <span class='ocrx_word' id='word_1_528' title='bbox 346 4037 414 4092; x_wconf 90' lang='lat' dir='ltr'><strong>inde</strong></span> <span class='ocrx_word' id='word_1_529' title='bbox 433 4049 527 4111; x_wconf 88' lang='lat' dir='ltr'><strong>patet,</strong></span> <span class='ocrx_word' id='word_1_530' title='bbox 549 4038 628 4111; x_wconf 92' lang='lat' dir='ltr'><strong>quod</strong></span> <span class='ocrx_word' id='word_1_531' title='bbox 652 4038 772 4110; x_wconf 76' lang='lat' dir='ltr'><strong>traditur</strong></span> <span class='ocrx_word' id='word_1_532' title='bbox 794 4035 916 4106; x_wconf 75' lang='grc' dir='ltr'>Ἀθήνησι</span> <span class='ocrx_word' id='word_1_533' title='bbox 962 4043 1048 4115; x_wconf 89' lang='lat' dir='ltr'><strong>idque</strong></span> <span class='ocrx_word' id='word_1_534' title='bbox 1059 4043 1098 4097; x_wconf 88' lang='lat' dir='ltr'><strong>ita</strong></span> <span class='ocrx_word' id='word_1_535' title='bbox 1111 4059 1175 4097; x_wconf 90' lang='lat' dir='ltr'><strong>eum</strong></span> <span class='ocrx_word' id='word_1_536' title='bbox 1189 4041 1351 4106; x_wconf 89' lang='lat' dir='ltr'><strong>instituisse,</strong></span> <span class='ocrx_word' id='word_1_537' title='bbox 1365 4047 1398 4091; x_wconf 91' lang='lat' dir='ltr'><strong>ut</strong></span> <span class='ocrx_word' id='word_1_538' title='bbox 1411 4053 1444 4090; x_wconf 90' lang='lat' dir='ltr'><strong>ex</strong></span> <span class='ocrx_word' id='word_1_539' title='bbox 1458 4034 1577 4089; x_wconf 88' lang='lat' dir='ltr'><strong>urbibus</strong></span> <span class='ocrx_word' id='word_1_540' title='bbox 1588 4035 1734 4089; x_wconf 91' lang='lat' dir='ltr'><strong>nobiliori·</strong></span> 
     </span>
     <span class='ocr_line' id='line_1_44' title="bbox 137 4120 1737 4202; baseline -0.003 -23"><span class='ocrx_word' id='word_1_541' title='bbox 137 4120 372 4202; x_wconf 72' lang='grc' dir='ltr'>πολιτογραφηθεὶς</span> <span class='ocrx_word' id='word_1_542' title='bbox 385 4121 481 4194; x_wconf 83' lang='lat' dir='ltr'><strong>fuisse,</strong></span> <span class='ocrx_word' id='word_1_543' title='bbox 494 4123 572 4179; x_wconf 91' lang='lat' dir='ltr'><strong>unde</strong></span> <span class='ocrx_word' id='word_1_544' title='bbox 583 4121 713 4194; x_wconf 68' lang='grc' dir='ltr'>Ἀθηναῖος</span> <span class='ocrx_word' id='word_1_545' title='bbox 727 4134 845 4180; x_wconf 83' lang='lat' dir='ltr'><strong>vocatrrr</strong></span> <span class='ocrx_word' id='word_1_546' title='bbox 856 4127 916 4179; x_wconf 84' lang='lat' dir='ltr'><strong>He·</strong></span> <span class='ocrx_word' id='word_1_547' title='bbox 961 4127 1029 4198; x_wconf 90' lang='lat' dir='ltr'><strong>bus,</strong></span> <span class='ocrx_word' id='word_1_548' title='bbox 1042 4129 1185 4201; x_wconf 88' lang='lat' dir='ltr'><strong>praecipue</strong></span> <span class='ocrx_word' id='word_1_549' title='bbox 1199 4143 1233 4180; x_wconf 90' lang='lat' dir='ltr'><strong>ex</strong></span> <span class='ocrx_word' id='word_1_550' title='bbox 1247 4126 1280 4180; x_wconf 90' lang='lat' dir='ltr'><strong>iis</strong></span> <span class='ocrx_word' id='word_1_551' title='bbox 1294 4143 1355 4198; x_wconf 86' lang='lat' dir='ltr'><strong>quse</strong></span> <span class='ocrx_word' id='word_1_552' title='bbox 1368 4132 1634 4190; x_wconf 87' lang='lat' dir='ltr'><strong>monumentorum,</strong></span> <span class='ocrx_word' id='word_1_553' title='bbox 1650 4121 1737 4176; x_wconf 90' lang='lat' dir='ltr'><strong>dona·</strong></span> 
     </span>
     <span class='ocr_line' id='line_1_45' title="bbox 138 4207 1736 4286; baseline -0.003 -20"><span class='ocrx_word' id='word_1_554' title='bbox 138 4211 239 4268; x_wconf 89' lang='lat' dir='ltr'><strong>raclidi</strong></span> <span class='ocrx_word' id='word_1_555' title='bbox 250 4211 388 4284; x_wconf 82' lang='lat' dir='ltr'><strong>Mopseati</strong></span> <span class='ocrx_word' id='word_1_556' title='bbox 397 4229 444 4284; x_wconf 89' lang='lat' dir='ltr'><strong>ap.</strong></span> <span class='ocrx_word' id='word_1_557' title='bbox 457 4212 559 4267; x_wconf 85' lang='lat' dir='ltr'><strong>Athen.</strong></span> <span class='ocrx_word' id='word_1_558' title='bbox 573 4213 621 4269; x_wconf 88' lang='lat' dir='ltr'><strong>vl.</strong></span> <span class='ocrx_word' id='word_1_559' title='bbox 635 4230 665 4285; x_wconf 93' lang='lat' dir='ltr'><strong>p.</strong></span> <span class='ocrx_word' id='word_1_560' title='bbox 678 4211 747 4280; x_wconf 71' lang='lat'><strong>234,</strong></span> <span class='ocrx_word' id='word_1_561' title='bbox 759 4214 800 4278; x_wconf 92' lang='lat' dir='ltr'><strong>D,</strong></span> <span class='ocrx_word' id='word_1_562' title='bbox 812 4222 839 4266; x_wconf 91' lang='lat' dir='ltr'><strong>et</strong></span> <span class='ocrx_word' id='word_1_563' title='bbox 851 4211 917 4266; x_wconf 90' lang='lat' dir='ltr'><strong>Plu·</strong></span> <span class='ocrx_word' id='word_1_564' title='bbox 962 4215 1086 4282; x_wconf 89' lang='lat' dir='ltr'><strong>riomm,</strong></span> <span class='ocrx_word' id='word_1_565' title='bbox 1097 4213 1255 4268; x_wconf 89' lang='lat' dir='ltr'><strong>tabularum</strong></span> <span class='ocrx_word' id='word_1_566' title='bbox 1262 4214 1416 4286; x_wconf 89' lang='lat' dir='ltr'><strong>pictavum,</strong></span> <span class='ocrx_word' id='word_1_567' title='bbox 1424 4210 1638 4282; x_wconf 90' lang='lat' dir='ltr'><strong>inscriptionum</strong></span> <span class='ocrx_word' id='word_1_568' title='bbox 1648 4207 1736 4262; x_wconf 87' lang='lat' dir='ltr'><strong>abun-</strong></span> 
     </span>
     <span class='ocr_line' id='line_1_46' title="bbox 138 4293 1737 4373; baseline -0.004 -19"><span class='ocrx_word' id='word_1_569' title='bbox 138 4299 238 4354; x_wconf 86' lang='lat' dir='ltr'><strong>tarcho</strong></span> <span class='ocrx_word' id='word_1_570' title='bbox 251 4297 381 4372; x_wconf 72' lang='lat' dir='ltr'><strong>Sympos.</strong></span> <span class='ocrx_word' id='word_1_571' title='bbox 402 4293 516 4370; x_wconf 71' lang='lat' dir='ltr'><strong>Quoestt.</strong></span> <span class='ocrx_word' id='word_1_572' title='bbox 535 4300 570 4367; x_wconf 88' lang='lat' dir='ltr'><strong>V,</strong></span> <span class='ocrx_word' id='word_1_573' title='bbox 593 4317 621 4356; x_wconf 88' lang='lat' dir='ltr'><strong>a.</strong></span> <span class='ocrx_word' id='word_1_574' title='bbox 640 4298 781 4370; x_wconf 81' lang='lat' dir='ltr'><strong>Quaeritur</strong></span> <span class='ocrx_word' id='word_1_575' title='bbox 794 4315 919 4370; x_wconf 90' lang='lat' dir='ltr'><strong>quonam</strong></span> <span class='ocrx_word' id='word_1_576' title='bbox 963 4299 1057 4355; x_wconf 87' lang='lat' dir='ltr'><strong>dantia</strong></span> <span class='ocrx_word' id='word_1_577' title='bbox 1071 4299 1236 4373; x_wconf 87' lang='lat' dir='ltr'><strong>insigniores</strong></span> <span class='ocrx_word' id='word_1_578' title='bbox 1250 4309 1345 4367; x_wconf 88' lang='lat' dir='ltr'><strong>erent,</strong></span> <span class='ocrx_word' id='word_1_579' title='bbox 1360 4296 1448 4352; x_wconf 90' lang='lat' dir='ltr'><strong>modo</strong></span> <span class='ocrx_word' id='word_1_580' title='bbox 1460 4296 1533 4350; x_wconf 88' lang='lat' dir='ltr'><strong>hanc</strong></span> <span class='ocrx_word' id='word_1_581' title='bbox 1550 4294 1638 4348; x_wconf 88' lang='lat' dir='ltr'><strong>modo</strong></span> <span class='ocrx_word' id='word_1_582' title='bbox 1661 4293 1737 4348; x_wconf 91' lang='lat' dir='ltr'><strong>illam</strong></span> 
     </span>
     <span class='ocr_line' id='line_1_47' title="bbox 964 4381 1737 4455; baseline -0.006 -14"><span class='ocrx_word' id='word_1_583' title='bbox 964 4385 1068 4442; x_wconf 91' lang='lat' dir='ltr'><strong>diutius</strong></span> <span class='ocrx_word' id='word_1_584' title='bbox 1081 4387 1215 4441; x_wconf 89' lang='lat' dir='ltr'><strong>incoleret</strong></span> <span class='ocrx_word' id='word_1_585' title='bbox 1232 4385 1464 4455; x_wconf 89' lang='lat' dir='ltr'><strong>domiciliumque</strong></span> <span class='ocrx_word' id='word_1_586' title='bbox 1475 4381 1515 4435; x_wconf 93' lang='lat' dir='ltr'><strong>ibi</strong></span> <span class='ocrx_word' id='word_1_587' title='bbox 1537 4381 1737 4453; x_wconf 87' lang='lat' dir='ltr'><strong>aliquantisper</strong></span> 
     </span>
    </p>

    <p class='ocr_par' dir='ltr' id='par_1_5' title="bbox 173 4460 1834 4549">
     <span class='ocr_line' id='line_1_48' title="bbox 173 4460 1834 4549; baseline -0.005 -18"><span class='ocrx_word' id='word_1_588' title='bbox 173 4461 207 4526; x_wconf 62' lang='grc' dir='ltr'><strong>(Ἴ</strong></span> <span class='ocrx_word' id='word_1_589' title='bbox 224 4460 491 4523; x_wconf 56' lang='lat' dir='ltr'><strong>mmm</strong></span> <span class='ocrx_word' id='word_1_590' title='bbox 505 4460 821 4524; x_wconf 53' lang='lat' dir='ltr'><strong>“nimminoelflssiwlun</strong></span> <span class='ocrx_word' id='word_1_591' title='bbox 834 4463 918 4511; x_wconf 59' lang='lat' dir='ltr'><strong>mli·</strong></span> <span class='ocrx_word' id='word_1_592' title='bbox 963 4473 1070 4549; x_wconf 86' lang='lat' dir='ltr'><strong>figeret.</strong></span> <span class='ocrx_word' id='word_1_593' title='bbox 1087 4476 1185 4544; x_wconf 90' lang='lat' dir='ltr'><strong>Certe,</strong></span> <span class='ocrx_word' id='word_1_594' title='bbox 1199 4476 1221 4528; x_wconf 92' lang='lat' dir='ltr'><strong>si</strong></span> <span class='ocrx_word' id='word_1_595' title='bbox 1235 4483 1417 4546; x_wconf 88' lang='lat' dir='ltr'><strong>quantacura</strong></span> <span class='ocrx_word' id='word_1_596' title='bbox 1431 4469 1467 4524; x_wconf 88' lang='lat' dir='ltr'><strong>de</strong></span> <span class='ocrx_word' id='word_1_597' title='bbox 1481 4467 1738 4541; x_wconf 84' lang='lat' dir='ltr'><strong>singulisdisputa-</strong></span> <span class='ocrx_word' id='word_1_598' title='bbox 1822 4483 1834 4498; x_wconf 86' lang='grc'><em>·</em></span> 
     </span>
    </p>
   </div>
   <div class='ocr_carea' id='block_1_5' title="bbox 140 4537 1736 4670">
    <p class='ocr_par' dir='ltr' id='par_1_6' title="bbox 140 4537 1736 4670">
     <span class='ocr_line' id='line_1_49' title="bbox 140 4537 1736 4670; baseline -0.008 -47"><span class='ocrx_word' id='word_1_599' title='bbox 140 4537 919 4670; x_wconf 43' lang='lat' dir='ltr'><strong>ffigdwfvgfflfflfflfflfflnffl&amp;330va</strong></span> <span class='ocrx_word' id='word_1_600' title='bbox 964 4564 1035 4618; x_wconf 87' lang='lat' dir='ltr'><strong>verit</strong></span> <span class='ocrx_word' id='word_1_601' title='bbox 1049 4580 1083 4617; x_wconf 88' lang='lat' dir='ltr'><strong>ex</strong></span> <span class='ocrx_word' id='word_1_602' title='bbox 1097 4563 1182 4636; x_wconf 93' lang='lat' dir='ltr'><strong>ipsius</strong></span> <span class='ocrx_word' id='word_1_603' title='bbox 1201 4559 1361 4634; x_wconf 85' lang='lat' dir='ltr'><strong>fragmentis</strong></span> <span class='ocrx_word' id='word_1_604' title='bbox 1378 4555 1555 4630; x_wconf 89' lang='lat' dir='ltr'><strong>cognoveris,</strong></span> <span class='ocrx_word' id='word_1_605' title='bbox 1576 4554 1657 4610; x_wconf 87' lang='lat' dir='ltr'><strong>facile</strong></span> <span class='ocrx_word' id='word_1_606' title='bbox 1676 4573 1736 4611; x_wconf 90' lang='lat' dir='ltr'><strong>me·</strong></span> 
     </span>
    </p>
   </div>
   <div class='ocr_carea' id='block_1_6' title="bbox 141 4641 1738 4890">
    <p class='ocr_par' dir='ltr' id='par_1_7' title="bbox 141 4641 1738 4890">
     <span class='ocr_line' id='line_1_50' title="bbox 141 4641 1738 4746; baseline -0.004 -41"><span class='ocrx_word' id='word_1_607' title='bbox 141 4682 255 4746; x_wconf 49' lang='lat' dir='ltr'><strong>mu„</strong></span> <span class='ocrx_word' id='word_1_608' title='bbox 275 4681 375 4730; x_wconf 62' lang='lat' dir='ltr'><strong>Pmffl</strong></span> <span class='ocrx_word' id='word_1_609' title='bbox 393 4680 545 4744; x_wconf 49' lang='lat' dir='ltr'><strong>,mudum</strong></span> <span class='ocrx_word' id='word_1_610' title='bbox 570 4694 622 4732; x_wconf 52' lang='lat' dir='ltr'><strong><em>w</em></strong></span> <span class='ocrx_word' id='word_1_611' title='bbox 640 4679 827 4743; x_wconf 41' lang='lat' dir='ltr'><strong>mmmm..</strong></span> <span class='ocrx_word' id='word_1_612' title='bbox 837 4683 919 4732; x_wconf 59' lang='lat' dir='ltr'><strong>,ongo</strong></span> <span class='ocrx_word' id='word_1_613' title='bbox 965 4667 1029 4704; x_wconf 86' lang='lat' dir='ltr'><strong>curn</strong></span> <span class='ocrx_word' id='word_1_614' title='bbox 1050 4650 1204 4705; x_wconf 88' lang='lat' dir='ltr'><strong>consenties</strong></span> <span class='ocrx_word' id='word_1_615' title='bbox 1221 4666 1286 4702; x_wconf 91' lang='lat' dir='ltr'><strong>eum</strong></span> <span class='ocrx_word' id='word_1_616' title='bbox 1304 4647 1436 4715; x_wconf 91' lang='lat' dir='ltr'><strong>minime,</strong></span> <span class='ocrx_word' id='word_1_617' title='bbox 1453 4653 1486 4696; x_wconf 91' lang='lat' dir='ltr'><strong>ut</strong></span> <span class='ocrx_word' id='word_1_618' title='bbox 1498 4641 1589 4696; x_wconf 90' lang='lat' dir='ltr'><strong>solent</strong></span> <span class='ocrx_word' id='word_1_619' title='bbox 1609 4641 1738 4698; x_wconf 90' lang='lat' dir='ltr'><strong>homines</strong></span> 
     </span>
     <span class='ocr_line' id='line_1_51' title="bbox 141 4727 1736 4812; baseline -0.004 -20"><span class='ocrx_word' id='word_1_620' title='bbox 141 4751 287 4812; x_wconf 59' lang='lat' dir='ltr'><strong>sumpt</strong></span> <span class='ocrx_word' id='word_1_621' title='bbox 299 4749 407 4812; x_wconf 73' lang='lat' dir='ltr'><strong>Lynden,</strong></span> <span class='ocrx_word' id='word_1_622' title='bbox 422 4753 458 4801; x_wconf 77' lang='lat' dir='ltr'><strong>De</strong></span> <span class='ocrx_word' id='word_1_623' title='bbox 468 4750 575 4800; x_wconf 69' lang='lat' dir='ltr'><strong>Panaetio</strong></span> <span class='ocrx_word' id='word_1_624' title='bbox 586 4763 609 4812; x_wconf 82' lang='lat' dir='ltr'><strong>p,</strong></span> <span class='ocrx_word' id='word_1_625' title='bbox 621 4758 681 4812; x_wconf 70' lang='lat' dir='ltr'><strong>seq.</strong></span> <span class='ocrx_word' id='word_1_626' title='bbox 699 4767 711 4792; x_wconf 84' lang='lat' dir='ltr'><strong>a</strong></span> <span class='ocrx_word' id='word_1_627' title='bbox 723 4749 793 4810; x_wconf 78' lang='lat' dir='ltr'><strong>Mihi,</strong></span> <span class='ocrx_word' id='word_1_628' title='bbox 804 4751 920 4801; x_wconf 72' lang='lat' dir='ltr'><strong>Prellerue</strong></span> <span class='ocrx_word' id='word_1_629' title='bbox 964 4733 1217 4809; x_wconf 75' lang='lat' dir='ltr'><strong>peregrinabundi,</strong></span> <span class='ocrx_word' id='word_1_630' title='bbox 1231 4733 1378 4806; x_wconf 78' lang='lat' dir='ltr'><strong>inspexisse</strong></span> <span class='ocrx_word' id='word_1_631' title='bbox 1388 4730 1523 4785; x_wconf 80' lang='lat' dir='ltr'><strong>duuuxat</strong></span> <span class='ocrx_word' id='word_1_632' title='bbox 1531 4727 1617 4784; x_wconf 82' lang='lat' dir='ltr'><strong>urbes</strong></span> <span class='ocrx_word' id='word_1_633' title='bbox 1629 4729 1736 4802; x_wconf 79' lang='lat' dir='ltr'><strong>videti,</strong></span> 
     </span>
     <span class='ocr_line' id='line_1_52' title="bbox 142 4815 1736 4890; baseline -0.004 -13"><span class='ocrx_word' id='word_1_634' title='bbox 142 4820 193 4882; x_wconf 79' lang='lat' dir='ltr'><strong>stt,</strong></span> <span class='ocrx_word' id='word_1_635' title='bbox 204 4819 323 4870; x_wconf 71' lang='lat' dir='ltr'><strong>matum</strong></span> <span class='ocrx_word' id='word_1_636' title='bbox 340 4821 419 4882; x_wconf 76' lang='lat' dir='ltr'><strong>retius</strong></span> <span class='ocrx_word' id='word_1_637' title='bbox 434 4820 480 4870; x_wconf 83' lang='lat' dir='ltr'><strong>tsu</strong></span> <span class='ocrx_word' id='word_1_638' title='bbox 496 4819 577 4870; x_wconf 76' lang='lat' dir='ltr'><strong>suae</strong></span> <span class='ocrx_word' id='word_1_639' title='bbox 589 4819 743 4868; x_wconf 74' lang='lat' dir='ltr'><strong>ualeamus</strong></span> <span class='ocrx_word' id='word_1_640' title='bbox 760 4819 865 4880; x_wconf 81' lang='lat' dir='ltr'><strong>videtur.</strong></span> <span class='ocrx_word' id='word_1_641' title='bbox 877 4822 919 4882; x_wconf 82' lang='lat' dir='ltr'><strong>qut</strong></span> <span class='ocrx_word' id='word_1_642' title='bbox 964 4822 1014 4877; x_wconf 82' lang='lat' dir='ltr'><strong>sed</strong></span> <span class='ocrx_word' id='word_1_643' title='bbox 1026 4823 1153 4876; x_wconf 84' lang='lat' dir='ltr'><strong>habitare</strong></span> <span class='ocrx_word' id='word_1_644' title='bbox 1175 4822 1204 4874; x_wconf 84' lang='lat' dir='ltr'><strong>in</strong></span> <span class='ocrx_word' id='word_1_645' title='bbox 1217 4821 1250 4874; x_wconf 84' lang='lat' dir='ltr'><strong>iis</strong></span> <span class='ocrx_word' id='word_1_646' title='bbox 1264 4829 1292 4874; x_wconf 83' lang='lat' dir='ltr'><strong>et</strong></span> <span class='ocrx_word' id='word_1_647' title='bbox 1309 4829 1366 4874; x_wconf 83' lang='lat' dir='ltr'><strong>tam</strong></span> <span class='ocrx_word' id='word_1_648' title='bbox 1385 4817 1457 4871; x_wconf 83' lang='lat' dir='ltr'><strong>bene</strong></span> <span class='ocrx_word' id='word_1_649' title='bbox 1478 4817 1603 4890; x_wconf 83' lang='lat' dir='ltr'><strong>cognitas</strong></span> <span class='ocrx_word' id='word_1_650' title='bbox 1615 4815 1736 4886; x_wconf 81' lang='lat' dir='ltr'><strong>habere,</strong></span> 
     </span>
    </p>
   </div>
   <div class='ocr_carea' id='block_1_7' title="bbox 142 4888 1738 5158">
    <p class='ocr_par' dir='ltr' id='par_1_8' title="bbox 142 4888 1738 5158">
     <span class='ocr_line' id='line_1_53' title="bbox 142 4888 1738 4982; baseline -0.002 -22"><span class='ocrx_word' id='word_1_651' title='bbox 142 4889 193 4938; x_wconf 58' lang='lat' dir='ltr'><strong>‘m</strong></span> <span class='ocrx_word' id='word_1_652' title='bbox 212 4889 293 4951; x_wconf 63' lang='lat' dir='ltr'><strong>iim</strong></span> <span class='ocrx_word' id='word_1_653' title='bbox 313 4889 478 4952; x_wconf 51' lang='lat' dir='ltr'><strong>mmmm</strong></span> <span class='ocrx_word' id='word_1_654' title='bbox 494 4902 538 4970; x_wconf 61' lang='lat'><strong>9⁰¹¹</strong></span> <span class='ocrx_word' id='word_1_655' title='bbox 558 4889 631 4938; x_wconf 58' lang='grc' dir='ltr'><strong>ἨΜ</strong></span> <span class='ocrx_word' id='word_1_656' title='bbox 652 4889 694 4950; x_wconf 64' lang='grc' dir='ltr'><strong>(ΨῙ</strong></span> <span class='ocrx_word' id='word_1_657' title='bbox 715 4888 918 4974; x_wconf 61' lang='lat' dir='ltr'><strong>¹¹⁰⁰,¹¹⁸&#39;,¹⁸‚⁰f³t,·</strong></span> <span class='ocrx_word' id='word_1_658' title='bbox 965 4927 1049 4982; x_wconf 91' lang='lat' dir='ltr'><strong>quam</strong></span> <span class='ocrx_word' id='word_1_659' title='bbox 1071 4909 1162 4962; x_wconf 90' lang='lat' dir='ltr'><strong>solent</strong></span> <span class='ocrx_word' id='word_1_660' title='bbox 1176 4908 1249 4962; x_wconf 88' lang='lat' dir='ltr'><strong>cives</strong></span> <span class='ocrx_word' id='word_1_661' title='bbox 1270 4915 1318 4960; x_wconf 92' lang='lat' dir='ltr'><strong>aut</strong></span> <span class='ocrx_word' id='word_1_662' title='bbox 1342 4903 1483 4975; x_wconf 90' lang='lat' dir='ltr'><strong>inquilini.</strong></span> <span class='ocrx_word' id='word_1_663' title='bbox 1506 4904 1606 4975; x_wconf 89' lang='lat' dir='ltr'><strong>Neque</strong></span> <span class='ocrx_word' id='word_1_664' title='bbox 1624 4903 1680 4956; x_wconf 91' lang='lat' dir='ltr'><strong>hoc</strong></span> <span class='ocrx_word' id='word_1_665' title='bbox 1701 4901 1738 4957; x_wconf 88' lang='lat' dir='ltr'><strong>de</strong></span> 
     </span>
     <span class='ocr_line' id='line_1_54' title="bbox 143 4957 1738 5088; baseline -0.003 -41"><span class='ocrx_word' id='word_1_666' title='bbox 143 4959 307 5077; x_wconf 53' lang='lat' dir='ltr'><strong>ffi‘lffi</strong></span> <span class='ocrx_word' id='word_1_667' title='bbox 316 4957 920 5088; x_wconf 49' lang='lat' dir='ltr'><strong>fflffiffiffl‘ssgssssfflfflmffffi</strong></span> <span class='ocrx_word' id='word_1_668' title='bbox 964 4997 1030 5050; x_wconf 79' lang='lat' dir='ltr'><strong>sous</strong></span> <span class='ocrx_word' id='word_1_669' title='bbox 1045 4995 1158 5050; x_wconf 86' lang='lat' dir='ltr'><strong>Athenis</strong></span> <span class='ocrx_word' id='word_1_670' title='bbox 1173 4995 1261 5067; x_wconf 86' lang='lat' dir='ltr'><strong>valet,</strong></span> <span class='ocrx_word' id='word_1_671' title='bbox 1279 5011 1378 5048; x_wconf 70' lang='lat' dir='ltr'><strong>veum</strong></span> <span class='ocrx_word' id='word_1_672' title='bbox 1391 4991 1472 5045; x_wconf 72' lang='lat' dir='ltr'><strong>sacua</strong></span> <span class='ocrx_word' id='word_1_673' title='bbox 1487 4991 1518 5044; x_wconf 76' lang='lat' dir='ltr'><strong>in</strong></span> <span class='ocrx_word' id='word_1_674' title='bbox 1531 4989 1575 5044; x_wconf 74' lang='lat' dir='ltr'><strong>aas</strong></span> <span class='ocrx_word' id='word_1_675' title='bbox 1586 4989 1738 5044; x_wconf 64' lang='lat' dir='ltr'><strong>versatus-</strong></span> 
     </span>
     <span class='ocr_line' id='line_1_55' title="bbox 144 5077 1735 5158; baseline -0.009 -13"><span class='ocrx_word' id='word_1_676' title='bbox 144 5099 254 5158; x_wconf 72' lang='lat' dir='ltr'><strong>aequat.</strong></span> <span class='ocrx_word' id='word_1_677' title='bbox 268 5117 280 5140; x_wconf 76' lang='grc' dir='ltr'><strong>ι</strong></span> <span class='ocrx_word' id='word_1_678' title='bbox 760 5080 767 5090; x_wconf 88' lang='grc'><em>“</em></span> <span class='ocrx_word' id='word_1_679' title='bbox 964 5101 1025 5138; x_wconf 90' lang='lat' dir='ltr'><strong>mus</strong></span> <span class='ocrx_word' id='word_1_680' title='bbox 1039 5093 1114 5150; x_wconf 88' lang='lat' dir='ltr'><strong>erat,</strong></span> <span class='ocrx_word' id='word_1_681' title='bbox 1139 5083 1176 5138; x_wconf 92' lang='lat' dir='ltr'><strong>ita</strong></span> <span class='ocrx_word' id='word_1_682' title='bbox 1195 5083 1284 5156; x_wconf 87' lang='lat' dir='ltr'><strong>Argos</strong></span> <span class='ocrx_word' id='word_1_683' title='bbox 1298 5082 1395 5148; x_wconf 88' lang='lat' dir='ltr'><strong>etiam,</strong></span> <span class='ocrx_word' id='word_1_684' title='bbox 1414 5079 1576 5151; x_wconf 78' lang='lat' dir='ltr'><strong>Sicyonem,</strong></span> <span class='ocrx_word' id='word_1_685' title='bbox 1593 5077 1735 5149; x_wconf 86' lang='lat' dir='ltr'><strong>Spartam,</strong></span> 
     </span>
    </p>
   </div>
   <div class='ocr_carea' id='block_1_8' title="bbox 0 0 2009 5724">
    <p class='ocr_par' dir='ltr' id='par_1_9' title="bbox 0 0 2009 5724">
     <span class='ocr_line' id='line_1_56' title="bbox 0 0 2009 5724; baseline 0 0"><span class='ocrx_word' id='word_1_686' title='bbox 0 0 2009 5724; x_wconf 95' lang='lat' dir='ltr'><strong> </strong></span> 
     </span>
    </p>
   </div>
  </div>
 </body>
</html>
