3974 5732
776 321 970 382 Posinoitii
992 319 1208 382 Aetnensis

193 474 303 548 ροῦντος.
322 465 440 546 Ἷδρυται
455 467 478 524 δ’
497 469 513 536 ἡ
529 467 660 526 Τολῶσσα
677 463 745 523 κατδ
763 465 792 522 τὸ
816 463 965 524 στενότατον
1014 457 1038 513 δ’
1058 459 1094 522 τίς
1113 457 1143 513 τὸ
1163 453 1250 514 πεδίον
1269 457 1345 513 τοῦτο
1363 452 1417 533 [τὸ]
1433 449 1622 532 μτλσμθύρτιον
1645 453 1789 530 καταιγίζει

192 559 237 612 τοῦ
249 555 341 630 ἰσθμοῦ
352 557 397 610 τοῦ
412 551 562 628 διείργοντος
575 551 628 608 σἰπδ
639 555 684 621 τῆς
695 549 763 608 κατά
777 549 907 628 Νάρθωνα
922 555 967 607 θα·
1012 548 1115 619 πνεῦμα
1134 540 1217 621 βίαιον
1235 542 1281 600 καὶ
1296 543 1432 620 φρικῶδες·
1444 539 1508 620 φασί
1528 543 1589 616 γοῦν
1604 537 1726 617 σύρεσθαι
1743 539 1789 600 καί

192 641 288 712 λάττης
303 639 347 697 τδν
361 637 485 708 οἰκεανδν,
497 635 525 696 ύν
538 659 601 716 φησι
615 635 784 702 Ποσειδώνιος
802 635 902 694 ἐλάττω
915 639 967 694 τῶν
1013 630 1185 689 κυλινδεῖσθαί
1194 631 1244 686 τεῦν
1253 627 1330 686 λίθων
1342 627 1436 704 ἐνίους,
1446 628 1627 686 κατακλθοθαι
1639 629 1665 684 di
1676 625 1734 693 τοθς
1744 630 1789 686 δν·

194 727 345 806 τρισχιλίων
356 725 477 784 σταδίων.
504 751 507 756 ’
1014 715 1130 796 θρύιπους
1141 714 1193 774 ist
1203 719 1254 772 τῶν
1266 713 1408 792 θχημάτων
1420 712 1465 771 καλ
1473 717 1633 790 γυμνοῦσθαι
1644 713 1689 770 καί
1701 713 1789 772 δπλων

233 815 438 870 Ατιιοοοάοτείίιι
450 813 515 868 vide
528 814 557 866 in
571 813 671 886 fragm.
691 831 725 866 ιο
739 810 905 884 Timagenis.
927 813 970 865 De
1014 803 1059 862 καλ
1069 805 1174 876 ίσθῆτος
1184 801 1237 860 tut
1248 803 1425 876 τῆςίμπνοῆς.
1438 799 1614 877 Ἀριστοτέλης
1626 799 1673 875 μίν
1682 791 1726 860 σύν
1739 821 1790 880 φη-

196 921 265 958 suro
278 905 307 957 iu
320 903 389 956 sanis
407 901 526 956 deosum
546 899 722 954 disseminato
746 897 782 953 of.
798 898 919 954 Diodor.
937 900 969 966 V,
1015 913 1055 948 σιν
1067 889 1118 948 ύπδ
1131 892 1256 964 σεισμῶν,
1271 891 1323 946 τῶν
1339 886 1506 962 καλουμένων
1523 889 1652 967 βρσστῦν,
1666 889 1791 948 timon·

197 1009 245 1059 ορ,
260 997 287 1054 i.
303 975 432 1045 Cet'eruus
446 989 503 1042 isaec
513 988 599 1060 petita
610 1003 713 1042 nones
727 985 801 1040 libro
813 985 859 1055 23,
870 985 920 1040 sed
936 1003 969 1038 ex
1015 1001 1060 1044 τας
1074 977 1132 1043 τοὺς
1148 975 1230 1042 λίθους
1248 977 1284 1042 είς
1301 974 1348 1046 τὴν
1365 974 1516 1054 ίιτιφάνειαν
1534 977 1692 1034 συνολιοθεῖν
1707 978 1742 1042 είς
1757 975 1791 1034 τά

194 1095 252 1130 uno
263 1076 401 1130 librorum
411 1076 597 1146 sequentium.
607 1075 677 1128 Nam
687 1092 731 1128 res
744 1074 866 1146 pertinet
877 1071 913 1127 ad
925 1089 970 1128 nn.
1015 1067 1090 1122 κοῖλα
1097 1063 1265 1144 τῦνχωρίων.
1275 1060 1445 1127 Ποσειδώνιος
1452 1059 1581 1136 δίλίμνην
1588 1051 1791 1138 ούσανπαγῆναι

200 1162 268 1228 106,
278 1181 335 1234 quo
345 1162 442 1216 consui
450 1161 502 1214 fuit
511 1163 545 1232 Q.
556 1159 687 1215 Servilius
699 1159 802 1232 Caepio.
814 1158 857 1216 cf.
868 1159 969 1213 Justin.
1016 1151 1082 1227 μετδ
1093 1151 1254 1226 κλυδασμοῦ,
1264 1147 1309 1206 καί
1317 1147 1359 1205 διδ
1368 1151 1443 1206 τοῦτο
1455 1151 1490 1213 είς
1502 1146 1623 1213 πλείονας
1636 1153 1791 1225 μερισθῆναι

195 1249 324 1317 xxxii,
341 1247 356 1302 3
372 1267 379 1302 ε
400 1249 543 1320 Tectosagi
555 1257 661 1313 nutem,
679 1264 761 1320 quum
778 1243 927 1321 [Delphis]
943 1249 971 1298 in
1016 1236 1114 1309 λίθους,
1126 1236 1244 1313 καθάπερ
1255 1233 1314 1301 τοῦς
1324 1232 1467 1309 ποταμίους
1476 1233 1613 1312 κάχληκος
1624 1235 1669 1292 καί
1683 1235 1728 1300 τίις
1741 1235 1811 1316 sbti-0

196 1342 339 1412 antiquam
352 1341 475 1410 patriam
489 1337 614 1390 Tolosam
625 1339 774 1398 uenissent,
795 1332 970 1405 comptuiieu·
1017 1347 1077 1404 ρους
1091 1322 1136 1390 τδις
1148 1321 1333 1400 αἰγιαλίτιδας,
1347 1315 1477 1396 δμοίωςδδ
1491 1317 1538 1378 καί
1551 1317 1633 1386 λείους
1646 1319 1691 1378 καὶ
1703 1324 1792 1397 inopes

196 1429 273 1496 sique
280 1419 417 1496 pestifera
428 1424 472 1476 lue
482 1433 577 1488 essent,
589 1439 644 1476 non
646 1423 727 1494 prius
736 1423 884 1473 sanitatem
896 1438 973 1472 recu·
1017 1411 1139 1490 γίθειςτῇ
1153 1407 1299 1483 ὁμοιότητι·
1317 1407 1362 1466 καλ
1376 1405 1422 1478 ritu
1434 1405 1519 1464 αἰτίαν
1534 1406 1728 1466 ἀποδεδώκασιν
1741 1411 1792 1484 άμ-

194 1529 306 1584 perare,
322 1529 404 1584 quum
416 1509 589 1582 haruspicum
603 1511 739 1580 responsis
749 1509 864 1574 moniti,
875 1524 973 1559 auritm
1018 1497 1129 1578 φύτεροε.
1143 1495 1253 1561 Πιθανὸς
1269 1492 1315 1570 μίν
1327 1484 1371 1554 sis
1383 1497 1397 1551 i
1408 1491 1470 1572 παρ’
1484 1494 1580 1573 ἀμφοῖν
1591 1493 1678 1570 λύγος·
1691 1494 1792 1572 ἀνάγκη

198 1609 394 1672 argentumque
405 1597 485 1652 beiiis·
495 1595 702 1666 sacriicgiisqne
718 1599 861 1667 qscaesiuuu
876 1598 905 1646 iu
919 1593 974 1648 Το-
1018 1583 1068 1664 γδιρ
1079 1583 1137 1650 τοῦς
1149 1581 1217 1642 οὕτω
1226 1583 1387 1645 συνεστῶτας
1397 1579 1495 1651 λίθους,
1508 1582 1537 1637 οὗ
1551 1579 1609 1638 καθ’
1618 1581 1723 1647 ἑαυτούς
1737 1581 1754 1652 ἢ
1766 1581 1793 1652 ἐξ
1819 1657 1824 1664 Ι

201 1687 330 1740 ίανσνιοσιη
344 1687 434 1738 lacum
444 1693 600 1756 mergerent
610 1701 620 1735 :
632 1680 707 1754 qnod
713 1699 794 1736 omne
805 1692 977 1754 magnopost
1019 1675 1096 1750 ύγροῦ
1115 1669 1244 1747 παγίντας
1259 1665 1425 1743 μιταῦσλιῗν,
1447 1664 1488 1744 [ἢ]
1509 1668 1539 1724 ἐκ
1552 1671 1655 1744 πετρῶν
1672 1670 1794 1745 μεγάλων

200 1782 320 1847 tempore
331 1769 426 1841 Cispio
437 1771 576 1823 Romanus
585 1768 680 1821 comui
691 1761 812 1820 abstulit.
823 1767 910 1820 Fuere
922 1786 975 1820 nu-
1020 1757 1141 1838 ῥήγματα
1152 1759 1248 1832 συνεχῆ
1257 1753 1395 1812 λαῦουσῶν
1404 1755 1630 1841 insaniisse-Tb
1638 1754 1724 1830 μίντοι
1735 1757 1794 1814 δοσ-

199 1863 253 1910 iem
261 1857 469 1928 argentipondo
479 1867 584 1910 centum
596 1855 689 1909 decem
700 1855 802 1920 miliia,
815 1853 975 1926 auripondo
1021 1843 1182 1918 απολύγητον
1196 1842 1326 1922 Αἰσχύλος
1337 1839 1506 1916 καταμαθὼν,
1515 1840 1532 1911 ἢ
1542 1841 1605 1918 παρ’
1615 1841 1696 1900 άλλου
1704 1843 1796 1902 λαθὼν

198 1949 343 2014 quinquies
362 1943 452 1996 decies
464 1953 571 1996 centum
586 1943 687 1995 miliia.
706 1941 789 2011 Quod
800 1942 975 2015 sacrilegium
1021 1933 1055 1996 si<
1068 1934 1146 2004 μῦθον
1159 1927 1300 1996 ἕξετᾶπίσι.
1313 1925 1387 1997 Φησὶ
1401 1931 1461 2002 γοῦν
1474 1927 1628 2004 Προμηθεύς
1639 1929 1701 2009 παρ’
1711 1932 1794 2010 αὐτῷ,

199 2047 285 2084 eausa
299 2031 405 2084 excidii
420 2029 549 2102 Ccepioni
559 2031 743 2102 exercituique
748 2039 848 2100 postea
864 2025 936 2102 (105
948 2045 974 2083 a.
1021 2015 1212 2095 καθηγούμενος
1229 2015 1357 2093 Ἡρακλεῖ
1375 2017 1426 2070 τῶν
1440 2013 1506 2071 tini
1519 2017 1571 2072 τῶν
1587 2015 1639 2074 άπὸ
1653 2017 1797 2076 Καυκάσου

200 2111 314 2186 C.)suit.
322 2115 388 2186 Quae
396 2115 649 2188 Timagenispotius
658 2133 742 2186 quam
750 2112 893 2168 Posidonii
903 2124 975 2170 sunt.
1020 2102 1083 2184 πρὸς
1093 2103 1139 2169 τὰς
1152 2099 1320 2180 Ἑσπερίδας·

201 2199 243 2256 Ci.
266 2201 349 2254 etiam
361 2200 458 2254 Cicero
474 2201 517 2255 De
538 2211 610 2257 orat.
628 2201 671 2268 li,
692 2205 740 2269 Ιςγ,
756 2202 798 2255 De
816 2210 873 2254 nni.
896 2199 976 2257 deor.
1083 2239 1579 2320 „HRVMWWWWW

201 2287 244 2354 ll'
259 2286 305 2343 3⁰⁸
1083 2327 1128 2376 ἔνθ’
1138 2328 1166 2376 οὐ
1174 2326 1264 2388 μάχης,
1275 2325 1330 2388 σάφ’
1339 2327 1406 2386 οἶδα,
1415 2327 1455 2374 καί
1467 2326 1545 2388 θοῦρός
1554 2343 1596 2390 περ
1607 2329 1640 2378 ιὐν

565 2392 612 2448 ¹28.
1085 2396 1307 2459 μέμψονπέπρωται
1321 2395 1364 2457 γάρ
1373 2411 1400 2444 os
1411 2397 1451 2444 καὶ
1461 2397 1599 2458 βίληλιπεῑν

201 339 257 390 tot

1083 2465 1171 2514 ἐνταῦθ’
1182 2461 1272 2513 ἐλίσθαῖ
1283 2465 1304 2512 θ’
1314 2465 1341 2512 ού
1351 2463 1426 2512 τιν’ἔιι
1434 2465 1501 2526 γαίας
1511 2465 1572 2513 λίθον

242 2521 344 2575 Strabo
358 2521 405 2588 IV,
419 2539 448 2593 p.
472 2521 523 2576 sss
540 2539 547 2578 ε
564 2517 670 2586 Μεταξὺ
688 2517 740 2598 γάρ
759 2521 804 2588 τῆς
824 2517 979 2584 Μασσαλίας

203 2603 311 2662 καὶτῶν
325 2605 438 2662 intotis
452 2610 497 2662 τοῦ
512 2603 638 2666 Ῥοδανοῦ
653 2605 741 2664 πεδίον
752 2605 808 2664 ieet
821 2609 867 2676 τῆς
879 2605 979 2663 θαλάτ-

203 2713 249 2761 της
268 2691 354 2770 διέχον
369 2696 405 2757 είς
418 2690 509 2749 iistis
524 2690 657 2764 σταδίους,
676 2697 798 2750 τοσοῦτον
819 2692 847 2749 δί
868 2690 913 2750 καί
932 2689 979 2761 τὴν

203 2777 350 2857 διάμετρον,
363 2775 514 2857 κυκλοτερὲς
527 2778 556 2836 τὸ
569 2783 678 2857 σχῆμα·
694 2780 813 2837 καλεῖται
823 2778 851 2836 δί
866 2779 980 2844 Λιθῶδες

204 2864 256 2922 άπὸ
270 2871 314 2922 τοῦ
330 2863 534 2941 συμῦεὸηκότος.
547 2865 653 2940 ,Μεστδν
667 2864 717 2944 γάρ
737 2868 792 2924 ἐστι
805 2864 882 2924 λίθων
896 2887 979 2943 χειρο·

203 2955 318 3024 πληθῶν,
337 2955 531 3032 θποποφυκυίαν
552 2952 664 3032 ἐχόντων
677 2953 764 3018 αὑτοῖς
778 2953 917 3032 ἄγρωστιν,
935 2953 979 3032 ἀφ’

204 3031 234 3108 ἧς
249 3038 353 3116 άφθονοι
366 3037 444 3114 νομαὶ
457 3037 621 3116 βοσκήμασίν
635 3041 714 3097 εἰσιν·
732 3043 759 3098 lv
772 3039 844 3116 μέσῳ
860 3040 882 3096 δ’
899 3037 981 3096 ὕδατα

205 3126 249 3184 καὶ
262 3124 380 3191 ἁλυκίδις
391 3125 538 3184 ἐνίστανται
549 3125 594 3183 καί
610 3125 679 3192 dise.
695 3122 801 3185 Ἅπασα
817 3124 864 3200 μὲν
879 3115 922 3182 οὖν
937 3124 982 3183 καί

205 3220 222 3284 ἡ
243 3211 415 3290 ὑπερκειμένη
439 3211 513 3290 χάιρα
533 3212 696 3292 προοήνσμύς
720 3214 789 3284 ἐστι,
812 3211 982 3293 διαφερόντως

205 3389 254 3437 qne
263 3376 401 3426 abundabat
416 3377 545 3436 ίΙιοιειιείι,
560 3379 642 3427 moitis
652 3377 752 3427 doneris
766 3377 944 3438 dediosntibus,
957 3380 981 3427 et

206 3455 422 3516 ueninsattingere
430 3467 496 3504 αιιεο.
505 3455 555 3504 sits
568 3457 604 3504 est
614 3456 699 3504 τοίοεε
710 3469 759 3518 qno
772 3456 825 3506 ioco
836 3457 982 3506 notissimus

205 3533 242 3580 est
257 3529 372 3590 isthmus,
384 3529 426 3592 φοί
441 3543 456 3578 ε
469 3529 615 3580 narbonensi
628 3531 689 3580 meri
703 3535 827 3582 ooesnusn
844 3533 981 3595 distinguit,

206 3618 278 3668 quesn
290 3606 405 3655 isthmum
427 3605 566 3657 Posidonius
583 3608 618 3658 sit
632 3607 749 3658 minorem
768 3621 819 3659 esse
838 3609 916 3660 tribus
931 3611 981 3659 stu·

206 3685 301 3734 diorum
312 3683 426 3734 miiiibns.

239 3848 305 3896 ister
314 3845 443 3896 tinnitibus
455 3849 479 3896 st
488 3847 549 3897 ostis
559 3847 668 3898 itbodssi
677 3861 777 3912 tempus
786 3851 822 3900 est
833 3861 848 3899 ε
859 3853 920 3900 meri
929 3864 983 3902 oen·

208 3925 261 3972 tntu
275 3922 369 3972 οίτοίίει·
377 3921 475 3972 dissitus
482 3923 580 3986 studiis,
591 3923 708 3974 diametro
718 3926 825 3988 ejusdem
836 3928 983 3991 quantitatis,

207 4001 286 4049 tonus
299 3998 411 4068 circuisti
424 4017 431 4048 ε
442 3999 462 4048 ίε
479 3999 607 4061 ispidosus
617 4013 658 4050 seu
668 4004 773 4051 sesostn
783 4003 814 4052 eb
825 4007 912 4052 eventu
923 4004 983 4054 dioi-

208 4079 263 4137 tur;
274 4078 311 4125 est
319 4075 383 4123 euim
397 4075 481 4136 pienus
496 4073 601 4140 tepidum
616 4077 657 4140 qui
668 4091 766 4127 menum
777 4079 876 4142 impiere
884 4083 983 4143 possint,

209 4154 271 4202 intes
281 4165 341 4214 quos
349 4163 446 4214 gresuen
457 4151 577 4214 στοοίιιιτ,
588 4153 684 4202 abundo
693 4155 787 4216 potonis
797 4157 889 4218 peeoris
900 4171 983 4222 suppe-

210 4230 300 4290 dttsns;
311 4230 335 4278 in
348 4227 425 4278 medio
439 4231 519 4277 sutem
530 4241 601 4291 squse
613 4232 639 4280 et
651 4231 733 4281 ssiinso
744 4237 800 4282 sunt
808 4236 833 4283 et
843 4235 912 4284 salos.
924 4239 984 4286 Τοίε

210 4307 309 4370 quidem
319 4319 346 4355 es
356 4319 412 4368 qun
421 4307 531 4368 superins
544 4307 637 4368 sdjstet
648 4309 712 4370 regio
728 4311 806 4361 ventis
816 4314 852 4361 est
862 4315 985 4376 esposits;

210 4383 311 4433 inbono
328 4387 409 4432 sutem
425 4383 531 4431 maxime
543 4396 654 4446 eampum
671 4389 757 4436 ventus
774 4387 891 4438 inoumbii
903 4403 933 4438 εο
948 4391 986 4440 de·

210 4462 287 4510 testor
297 4461 471 4510 meiamineeus
478 4459 569 4522 (quusi
579 4463 631 4508 ster
639 4464 855 4527 septentrionalis),
866 4465 986 4517 violentus

214 4551 243 4586 αα
254 4537 390 4599 borriiiiiis,
402 4549 450 4598 quo
461 4537 539 4586 ientnt
554 4539 579 4584 εί
591 4537 680 4599 ispides
691 4541 772 4600 sgiisri
788 4543 861 4604 sique
871 4544 950 4604 volvi,
961 4547 986 4594 et

144 4605 147 4612 ’
211 4614 320 4664 boninus
330 4613 360 4662 de
378 4613 492 4664 sebisuiis
509 4611 646 4674 uuonan,
666 4629 695 4664 ne
706 4615 730 4664 si
746 4617 816 4666 tintus
831 4619 903 4668 nemis
915 4622 984 4670 vesti·

211 4691 306 4753 busque
323 4689 417 4740 studeri.
431 4691 568 4740 Aristoteles
580 4704 636 4752 sugo
647 4693 680 4741 sit
691 4706 706 4742 s
717 4698 788 4742 terne
799 4696 918 4757 motibus,
934 4697 987 4758 qui·

1084 2535 1152 2594 θίεις,
1161 2535 1210 2582 insi
1219 2537 1264 2588 πᾶς
1272 2533 1346 2596 χῶρός
1357 2534 1406 2582 θστι
1417 2535 1540 2594 μαλθακός.

1084 2604 1148 2654 Ἰδὼν
1158 2605 1177 2651 δ’
1190 2603 1355 2666 ίιμηχανοῦντά
1365 2603 1408 2652 σ’ύ
1421 2604 1476 2658 Ζεὺς
1487 2605 1598 2666 οἰκττρεί,

1085 2675 1177 2732 νεφολην
1188 2673 1209 2720 δ’
1219 2674 1331 2735 ὑποσχὼν
1340 2673 1416 2734 νιφάδι
1427 2673 1547 2734 γογγύλων
1557 2675 1646 2736 πέτρων

1085 2746 1198 2794 ὑπόσκιον
1207 2747 1271 2800 θήσει
1281 2747 1354 2809 χθόν’,
1364 2746 1399 2802 oi<
1410 2746 1490 2796 ίπειτα
1500 2747 1531 2794 σίν

1086 2815 1163 2876 βαλὼν
1175 2815 1255 2863 diisset
1265 2815 1347 2878 ῥᾳδίως
1357 2815 1429 2875 Λίγυν
1439 2815 1547 2877 στρατόν·

1025 2950 1114 3030 ὥσπερ
1127 2953 1156 3008 ού
1169 2957 1283 3030 κρεῖττον
1298 2948 1336 3023 δν,
1347 2950 1424 3030 φησὶν
1438 2955 1452 3009 δ
1464 2950 1648 3024 Ποσειδώνιος,
1660 2951 1695 3020 είς
1709 2955 1802 3024 αύτούς

1025 3037 1081 3103 τοὺς
1093 3036 1192 3113 Λίγυας
1206 3036 1331 3112 ἓμύαλεῖν
1343 3035 1401 3103 τοῦς
1414 3037 1498 3103 λίθους
1512 3037 1557 3095 καλ
1569 3041 1723 3118 καταχῶσαι
1733 3042 1800 3100 πάν-

1026 3147 1085 3198 τας,
1095 3123 1112 3195 i
1124 3123 1252 3182 τοσούτων
1265 3123 1384 3200 δεόμενον
1393 3128 1501 3195 ποιῆσαι
1511 3124 1589 3182 λίθων
1601 3126 1644 3184 τὸν
1657 3125 1774 3206 Ἢρακλέ
1794 3176 1800 3189 .

1027 3213 1067 3270 Ti
1075 3211 1121 3288 μὲν
1130 3202 1173 3270 siis
1180 3209 1318 3283 τοσούτων,
1326 3213 1465 3288 ἀναγκαῖον
1471 3203 1513 3288 ἦν,
1521 3210 1643 3292 είπεφκαλ
1653 3213 1716 3294 πρὸς
1724 3214 1802 3292 ὄχλον

1029 3380 1057 3426 ut
1070 3378 1189 3440 invitate,
1200 3378 1235 3426 iis
1244 3378 1415 3440 magnitudine.
1427 3381 1488 3428 ssne
1497 3381 1599 3442 uterque
1608 3380 1754 3442 probsbtiesn
1768 3383 1815 3433 rei·

1029 3455 1146 3504 sotionem
1157 3456 1275 3517 exposuit.
1291 3457 1390 3504 necesse
1399 3456 1506 3504 ostentm
1521 3455 1661 3531 lepidosgsui
1670 3457 1704 3505 sie
1716 3458 1802 3506 consti·

1028 3532 1139 3590 tuuntur,
1150 3543 1200 3580 non
1210 3543 1253 3593 per
1263 3543 1289 3580 se
1302 3529 1362 3594 {esse
1378 3533 1461 3589 ortos,
1473 3530 1531 3594 sed]
1540 3535 1583 3580 sut
1598 3532 1689 3582 humidi
1701 3533 1804 3594 aiicujus

1029 3609 1181 3660 eonnetione
1198 3609 1262 3658 bsno
1280 3610 1381 3658 formans
1399 3609 1527 3671 incepisse,
1543 3613 1585 3658 sut
1598 3623 1628 3659 ex
1640 3611 1804 3670 mugnisssxis

1029 3689 1164 3750 trequentes
1179 3691 1291 3749 rupturos
1304 3687 1408 3749 expertis
1420 3700 1470 3736 esse
1487 3687 1590 3737 evulsos.
1608 3689 1735 3750 &olisius
1748 3689 1803 3752 qid-

1028 3762 1083 3812 detn
1095 3766 1136 3812 sut
1147 3763 1279 3825 intelligens
1289 3763 1417 3812 difficulter
1427 3776 1511 3814 esnsns
1522 3763 1556 3814 rei
1569 3765 1655 3827 exponi
1667 3779 1748 3828 posse,
1760 3769 1805 3815 sut

1028 3839 1059 3888 ab
1070 3839 1116 3888 sito
1127 3839 1257 3900 accipiens,
1268 3840 1315 3888 ίιοο
1325 3839 1350 3888 in
1361 3839 1467 3888 inbuism
1479 3839 1585 3889 detorsit.
1599 3843 1659 3891 itam
1672 3841 1735 3903 spud
1744 3855 1803 3894 eunt

1030 3917 1186 3966 Prometheus
1203 3917 1299 3964 Herculi
1316 3929 1437 3978 exponens
1453 3915 1499 3965 iter
1512 3929 1526 3966 ιι
1538 3917 1683 3968 ctuossoud
1693 3917 1804 3981 Hesperi-

1029 3992 1084 4055 des,
1094 3991 1118 4040 in
1133 3993 1194 4040 Ιιειιο
1205 3991 1311 4054 loquitur
1319 3993 1461 4042 sententiam
1475 4012 1481 4042 :

1082 4086 1160 4130 venies
1168 4091 1191 4131 et
1199 4085 1320 4143 inpavidas
1329 4087 1358 4130 sd
1369 4087 1473 4142 tigurium
1483 4087 1564 4142 oopiss

1082 4154 1128 4206 ibt,
1139 4154 1257 4198 belticosos
1266 4155 1305 4198 etsi
1315 4155 1355 4202 sis.
1367 4158 1441 4200 tomen
1451 4155 1508 4210 (boo
1518 4155 1581 4210 seio)

1082 4224 1133 4267 setis
1142 4223 1212 4268 arduo
1220 4223 1260 4268 tibi
1270 4223 1426 4269 coniiiotsbere
1436 4225 1526 4280 pensito,

1083 4291 1129 4336 isto
1136 4291 1230 4344 jubente
1239 4291 1328 4336 desn'tui
1337 4296 1360 4336 te
1368 4291 1456 4347 spiculis
1466 4307 1472 4336 ι

1082 4359 1187 4414 metitque
1195 4370 1245 4403 ssss
1255 4369 1296 4403 nso
1306 4360 1389 4414 potens
1397 4360 1492 4404 stetisse

1084 4428 1170 4472 totiens.
1180 4427 1222 4472 ssi
1233 4432 1281 4472 tuas
1291 4429 1432 4473 miserabitur
1440 4433 1504 4486 pater

1082 4497 1193 4551 apponas
1203 4513 1210 4540 ι
1221 4497 1310 4552 pionem
1318 4496 1467 4542 rotundorum
1477 4499 1529 4542 nise

1084 4563 1181 4620 ispidum
1190 4564 1242 4619 poio
1250 4565 1370 4610 subtendet
1378 4565 1474 4616 nubem,
1484 4566 1563 4612 umbre
1571 4567 1643 4612 οοΙιιει

1084 4635 1157 4685 teget:
1169 4631 1227 4676 nisos
1238 4637 1262 4676 tu
1273 4633 1383 4688 ispidibus
1393 4638 1491 4678 nennius
1499 4631 1572 4679 iorum

1083 4700 1147 4744 iaeiio
1157 4701 1291 4756 Ligusticum
1301 4701 1379 4748 iundss
1387 4703 1516 4748 exercitum.

212 4768 258 4816 bus
265 4767 297 4816 ob
308 4767 416 4828 ejiciendi
430 4769 479 4816 vim
490 4768 592 4816 itrsstbn
608 4781 694 4818 nomen
705 4773 753 4830 est,
766 4771 855 4833 ispides
870 4773 894 4822 in
905 4787 985 4836 supeo
1031 4779 1105 4836 Quusi
1114 4793 1185 4842 νοτο,
1194 4781 1272 4842 iuquit
1283 4781 1434 4844 Posidonius,
1442 4795 1490 4832 non
1501 4785 1700 4844 presissseisess
1711 4785 1735 4833 in
1743 4785 1808 4848 ipsos

212 4844 291 4894 θείοιο
301 4849 408 4907 egestos,
421 4847 446 4894 in
457 4857 517 4894 essa
526 4845 579 4894 ίοοε
587 4847 713 4897 ooniertim
730 4849 839 4912 deispsos
848 4864 905 4900 esse.
918 4853 986 4902 Posi·
1031 4857 1127 4918 injicere
1138 4859 1235 4920 Ligures
1246 4859 1342 4921 potius,
1355 4859 1430 4922 iisque
1441 4861 1485 4910 hos
1495 4861 1612 4923 obruere,
1623 4876 1697 4924 quem
1713 4865 1751 4912 iot
1759 4863 1807 4913 iin-

212 4924 298 4972 donins
309 4927 387 4973 iseum
397 4925 468 4986 inisse
479 4927 547 4988 dicit,
559 4928 601 4990 qui
614 4941 689 4990 quum
709 4927 863 4979 fluctuatione
881 4931 987 4992 quadem
1032 4947 1086 4997 gere
1094 4934 1213 4997 lapidibus
1224 4935 1315 4998 eguisse
1324 4937 1460 4987 Herculem.
1471 4941 1501 4988 st
1513 4941 1613 4990 veroiot
1621 4940 1739 5002 lapidibus
1747 4954 1809 5002 opus

212 5003 348 5062 exeruerit,
361 5004 462 5066 ideoque
478 5005 502 5054 in
523 5007 603 5068 piures
617 5007 745 5070 dissipatus
760 5007 791 5056 sit
806 5009 909 5072 lapides,
926 5011 987 5061 sieut
1031 5016 1083 5062 ersi
1094 5016 1177 5062 contre
1189 5015 1238 5064 ism
1257 5015 1376 5076 ingentem
1389 5017 1588 5068 inuititodinens:
1604 5021 1631 5069 ut
1647 5019 1692 5069 ino
1709 5019 1807 5082 quidem

215 5081 342 5130 bonsintun
355 5083 460 5144 iupiiios,
471 5088 494 5132 et
510 5085 617 5134 littorum
633 5086 770 5148 scrupulos,
788 5089 875 5138 simiies
887 5089 947 5139 inter
963 5103 988 5139 se
1033 5091 1057 5140 in
1073 5093 1140 5152 parte
1157 5091 1241 5141 inbuite
1260 5095 1343 5142 οιιοίοι
1355 5095 1511 5156 probabiliora
1529 5096 1614 5146 disesii
1630 5111 1702 5158 quam
1720 5098 1806 5146 tituto
