3944 5728
277 349 332 406 ott
849 339 1084 402 PHLEGONTiS
1103 339 1310 400 titillant

277 471 332 537 Τῆς
347 469 373 525 δὲ
391 471 517 548 Χαριτοῦς
538 467 680 546 παράδοξον
695 467 768 546 λόγον
791 469 934 540 ἀκουούσης
955 469 1050 539 συνίόη
1097 473 1178 527 λωοεν
1191 475 1225 535 iu<
1243 469 1300 538 ίίκεε
1318 473 1370 544 (θις
1389 459 1457 548 εἶχεν
1477 469 1617 546 Leopardi
1629 469 1654 548 ),
1667 467 1705 527 ότι
1718 471 1789 550 λάθρα
1802 475 1839 531 τιῗιν

277 554 323 624 τλν
340 555 466 634 ψυχλντδ
481 555 528 632 μίν
543 558 646 636 πρῶτον
660 557 928 632 ἐκπλαγῆγινομένην
942 557 1050 627 έκλυθῆ·
1095 558 1272 634 γεννησάντων
1292 556 1341 636 ἔφη
1369 555 1556 636 παραγίνεσθαι
1587 557 1650 635 πρδς
1673 559 1754 630 αὐτὸν,
1774 562 1840 619 τότε

278 663 320 698 ναι
340 642 424 700 διάτθ
438 641 543 720 μέγεθος
556 645 601 710 τῆς
619 642 740 718 ἀγγελίας
755 641 799 700 καῖ
814 642 916 712 διάτῆν
933 643 1051 722 ταραχὴν
1096 643 1303 718 ὑπολελειμμένα
1324 641 1374 700 ὑπὸ
1394 647 1441 714 τῆς
1455 643 1605 722 ἀνθρώπου,
1626 643 1769 722 βουλόμενος
1781 653 1841 714 ποιῇ·
1914 687 1915 716 3

277 732 322 798 τῆς
336 734 443 808 τροφοῦ,
460 727 525 804 μετά
547 726 639 805 μικρὸν
657 727 684 786 δέ
699 734 856 804 μνησθεῖσαν
870 733 914 799 τῆς
929 729 1053 807 θυγατρὸς
1096 751 1140 787 σαι
1160 729 1189 787 τδ
1210 739 1319 808 πρᾶγμα
1340 729 1441 801 πιστὸν,
1462 727 1562 798 ἀνοίξας
1581 729 1625 787 τδν
1647 730 1738 809 ῥίσκον,
1754 731 1843 812 ἐξαιρεῖ,
1914 731 1915 788 ί

277 813 428 885 κλαίειν,τά
442 813 468 872 ii
481 815 580 893 ίσχατα
592 817 755 891 καταγνῶναι
767 819 813 884 τῆς
824 813 992 894 πρισθύτιδος
1004 839 1053 892 μα·
1095 815 1138 873 τόν
1152 838 1179 874 τε
1192 815 1329 875 δακτύλιον
1342 817 1385 874 τδν
1400 820 1512 894 χρυσοῦν
1524 815 1552 874 δν
1565 815 1646 874 itote
1659 819 1720 894 παρ’
1730 820 1799 888 αὐτῆς
1810 823 1843 878 καί

277 899 343 972 νίαν,
358 901 471 958 κελεύειν
492 925 521 960 τε
543 901 756 960 ἀπαλλάττεσθαι
779 903 823 959 ἀπ’
840 904 920 974 αὐτῆς
940 903 1050 979 ταχέως.
1095 901 1143 972 τλν
1161 901 1349 978 οτηθοδεσμίδα
1362 901 1394 974 ἣν
1411 901 1625 980 ἀπολελοίπειτῇ
1644 903 1762 981 πρότερον
1775 907 1842 964 νυκτί.

279 985 467 1058 Ὀνειδιξούσης
480 987 506 1046 δέ
518 991 564 1057 τῆς
578 993 672 1067 τροφοῦ
687 988 729 1046 καλ
742 985 867 1064 λεγούσης
878 989 944 1064 μετά
955 1011 1053 1068 παρρη·
1096 988 1142 1056 Ὡς
1153 989 1180 1047 δῖ
1195 983 1260 1048 εἶδεν
1275 987 1413 1069 θΧαριτάι
1424 991 1568 1060 τηλικαῦτα
1581 990 1697 1066 σημεῖα,
1710 991 1799 1072 ἀναθοῖι,Ι
1810 994 1844 1051 καί

278 1073 348 1146 σίας,
361 1077 395 1140 όις
411 1073 457 1150 μίν
471 1075 596 1153 φρονεῖτε
610 1074 655 1132 καὶ
668 1074 741 1150 ὑγιής
761 1077 840 1146 ἐστιν,
853 1080 870 1146 ἡ
886 1077 912 1134 δὲ
933 1077 965 1134 δι’
980 1076 1053 1135 ὄκνον
1097 1075 1255 1155 δεαρρήξασα
1268 1079 1361 1145 ίαυτῆς
1374 1075 1407 1133 τά
1419 1097 1446 1132 τι
1458 1075 1591 1152 ἐνδύματα
1601 1076 1647 1133 καὶ
1656 1076 1685 1133 τδ
1694 1076 1796 1152 ίμάτιον,
1805 1081 1845 1136 ἀπό

278 1163 306 1218 ού
322 1161 439 1236 βούλοιτο
457 1161 504 1232 τὴν
519 1161 585 1219 ίάίαν
596 1161 723 1239 θυγατέρα
738 1165 812 1240 ίδεῖν,
827 1165 901 1240 μόλις
915 1168 932 1235 ἡ
947 1165 1052 1247 Χαριτὼ
1096 1184 1123 1219 τε
1134 1167 1181 1232 τῆς
1191 1163 1304 1242 κεφαλῆς
1317 1162 1414 1244 ρίψασα
1426 1161 1469 1220 τδν
1482 1161 1657 1243 κεκρύφαλον,
1666 1164 1774 1222 πεσοῦσά
1785 1187 1808 1222 τε
1819 1169 1845 1230 εἰς

277 1246 310 1304 ri
326 1247 371 1323 μὲν
387 1252 522 1327 βιασθεῖσα
534 1247 584 1306 ύπδ
597 1251 643 1320 τῆς
655 1254 764 1328 τροφοῦ,
785 1252 818 1308 τά
834 1247 860 1308 δέ
876 1252 977 1320 atticae
990 1259 1051 1330 βου·
1097 1247 1143 1318 τὴν
1163 1247 1271 1328 γῆνκαὶ
1293 1253 1461 1328 περιχυθεῖσα
1484 1257 1535 1314 τοῖς
1549 1249 1725 1326 γνωρίσμασεν
1740 1249 1763 1317 ἐξ
1782 1253 1846 1329 ἀρχῆς

278 1336 373 1410 λομόνη
388 1332 418 1390 τδ
430 1331 595 1408 συμόεθηκδς
605 1333 775 1412 παραγίνεται
787 1335 849 1416 πρδς
859 1333 905 1402 τάς
919 1337 996 1416 θύρας
1007 1343 1053 1396 τοῦ
1097 1337 1177 1396 ἐποίει
1190 1337 1218 1396 τδ
1232 1337 1332 1403 πένθος.
1348 1341 1462 1418 Θεωρῶν
1479 1337 1505 1396 δὲ
1526 1340 1540 1394 θ
1560 1335 1628 1406 ξίνος
1640 1335 1670 1396 τδ
1683 1337 1802 1414 γινόμενον
1813 1340 1846 1396 καί

280 1419 395 1486 ξενῶνος·
411 1419 453 1477 διά
474 1417 525 1498 [δέ]
540 1420 570 1480 τὸ
583 1419 713 1496 γεγονέναι
728 1421 834 1480 πλείονα
846 1423 951 1502 χρόνον,
972 1428 1006 1491 ὡς
1021 1424 1052 1482 ἀν
1097 1425 1196 1492 πάντας
1210 1421 1284 1490 όντας
1304 1425 1459 1504 θπερπαθεῖς
1480 1423 1524 1482 καί
1538 1429 1707 1502 θρηνοῦντας,
1721 1425 1803 1482 ὡσανεί
1814 1431 1846 1484 νῦν

280 1505 398 1586 δευτέρας
410 1507 531 1584 ἀγγελίας
543 1509 551 1582 ψ
564 1527 630 1564 num
645 1511 680 1573 όις
693 1505 724 1566 ἀν
738 1508 999 1588 ὥραςδιυτέραςάπδ
1008 1515 1054 1582 τῆς
1099 1509 1240 1588 μέλλοντας
1261 1509 1426 1590 κατορύττειν
1447 1509 1495 1582 τὴν
1517 1509 1662 1590 ἄνθρωπον,
1683 1511 1802 1588 συνεχεῖτο
1813 1511 1846 1568 καί
1915 1499 1916 1546 ί

280 1595 361 1669 ient
371 1593 380 1672 ψ
392 1593 635 1668 συντιτελεσμένης,
645 1593 694 1671 δψί
704 1615 766 1652 ποτε
776 1587 839 1666 ἧκεν
849 1601 866 1668 ἡ
878 1598 995 1676 Χαριτώ.
1006 1597 1054 1656 nri
1097 1598 1239 1678 παρεκάλει
1261 1595 1379 1671 δεόμενος
1398 1594 1562 1668 παύσασθαι,
1582 1595 1794 1672 ἐπαγγελλόμενος
1813 1597 1846 1653 ili

279 1679 426 1738 συνέόαινεν
440 1679 549 1745 ι’κιίνους
560 1679 607 1756 μέν
618 1680 669 1752 ἥδη
682 1680 870 1744 ἀναπαύεσθαι.
886 1682 1053 1763 ’λνακύψασα
1097 1681 1275 1764 παραγένηται
1287 1681 1376 1750 δείξειν
1390 1680 1481 1752 αθπίν.
1498 1681 1533 1741 ‘ll
1548 1681 1576 1740 δά
1589 1687 1723 1740 πεισθεῖσα
1734 1682 1773 1739 καὶ
1785 1683 1846 1738 ἐντει-

279 1767 302 1824 δ’
314 1757 358 1824 οῦν
372 1771 388 1836 ἡ
401 1765 488 1846 μήτηρ
500 1763 531 1824 εδ
545 1765 592 1842 μέν
606 1765 699 1842 ἱμάτια
714 1766 758 1824 καί
768 1767 811 1826 τδν
822 1767 902 1826 τύπον
916 1773 962 1839 τῆς
973 1769 1054 1850 όψεως
1097 1771 1197 1846 λαμενη
1212 1769 1283 1850 αὐτῷ
1297 1767 1430 1850 φροντίσαι
1445 1766 1482 1844 μὴ
1496 1767 1634 1847 παρέργως
1647 1769 1698 1825 τῶν
1711 1769 1845 1844 ἐπηγγελμί·

279 1854 391 1928 ἐνόμιζεν
402 1851 589 1930 ἐπιγινώσκειν,
598 1851 645 1924 τλν
654 1851 811 1924 δίάλνίθεεαν
820 1854 1002 1923 ἐξετάσαικατ’
1011 1859 1053 1914 ού·
1099 1879 1149 1914 νων
1165 1857 1279 1928 ἀπελύθη
1294 1856 1358 1935 πρὸς
1369 1854 1461 1926 ciria.
1479 1854 1580 1921 Νυκτὸς
1594 1856 1622 1912 δέ
1636 1855 1803 1931 ἐπιγενομένης
1813 1855 1846 1911 καὶ

279 1939 338 1998 δι’να
362 1938 456 2018 τρόπον
476 1939 605 2014 δυναμένη
620 1937 666 2010 τὴν
688 1940 799 2018 ἡσυχίαν
819 1941 885 2018 ᾤετο
906 1943 957 2001 δεῖν
972 1941 1052 2020 ἔχειν·
1100 1948 1145 2014 τῆς
1156 1942 1224 2022 ὥρας
1236 1943 1328 2014 οὔσης,
1343 1947 1400 2001 καθ’
1415 1943 1475 2016 ieri
1490 1940 1626 2002 Φελίννιον
1640 1942 1720 2000 είώθει
1730 1941 1845 2020 παραγίνε-

278 2026 346 2106 τριυλ
355 2025 404 2102 γάρ
416 2025 522 2096 ἤλπιζεν
536 2031 672 2084 ἀναστᾶσα
686 2026 883 2106 καταλήψεσθαι
894 2029 941 2098 τὴν
956 2028 1053 2108 άνθρω-
1100 2033 1159 2088 σθαι
1173 2030 1236 2110 πρὸς
1248 2029 1336 2102 eicie,
1352 2031 1375 2088 οῖ
1390 2026 1436 2106 μέν
1455 2027 1633 2110 προσετόρουν
1651 2029 1747 2097 είδῆσαι
1757 2027 1847 2089 θέλοντος

278 2137 326 2171 πον
337 2137 343 2150 ·
356 2111 400 2171 ita
416 2112 442 2170 δί
457 2113 601 2191 θοτερήοῃ,
615 2112 779 2192 διερωτήσειν
793 2114 837 2170 τὸν
850 2116 980 2193 Μαχάτην
994 2115 1054 2193 περὶ
1098 2115 1145 2187 τλν
1159 2115 1251 2198 ἄφιξιν·
1265 2121 1282 2188 ἡ
1302 2114 1329 2174 δέ
1342 2107 1415 2188 ἧκεν.
1441 2114 1617 2186 Εἰσελθούσης
1629 2114 1656 2172 δέ
1671 2111 1736 2171 κατά
1747 2112 1785 2171 τόν
1797 2115 1846 2170 είθι-

279 2199 391 2258 πάντων·
406 2200 435 2258 οὔ
447 2199 498 2280 γάρ
511 2198 542 2256 ἀν
558 2221 619 2257 ποτε
632 2199 777 2278 ψεύσασθαι
791 2201 949 2272 τηλικαύτην
963 2201 1054 2281 πρᾶξιν
1100 2201 1193 2279 σμένον
1206 2203 1294 2282 καιρδν
1313 2201 1357 2260 καλ
1370 2199 1542 2278 καθεζομένης
1562 2201 1607 2260 ἐπὶ
1623 2199 1671 2271 τὴν
1691 2199 1772 2268 κλίνην
1791 2197 1845 2256 olii

280 2286 445 2365 ἐρωτώμενον
458 2285 536 2344 αὐτόν
547 2309 553 2322 ·
566 2285 656 2364 διόπερ
676 2284 834 2355 οιωπήσασα
849 2289 972 2358 ἀπῆλθεν.
986 2285 1054 2366 Ὀρ·
1099 2291 1305 2370 προσποιηθείςθ
1320 2288 1463 2368 Μαχάεης,
1475 2287 1593 2355 ἐξετάσαι
1605 2287 1633 2346 δέ
1647 2286 1676 2347 εδ
1689 2295 1788 2365 πρᾶγμα
1799 2288 1844 2362 βω·

279 2379 338 2440 θρου
351 2373 378 2430 δί
393 2371 530 2447 γενομένου
544 2371 591 2442 τὴν
606 2370 653 2446 μέν
668 2370 719 2429 είτε
731 2371 774 2430 ort
785 2371 855 2430 θείαν
869 2374 992 2452 βούλησιν
1003 2373 1054 2432 είτε
1100 2376 1218 2453 λόμενος,
1229 2377 1259 2434 τὸ
1270 2375 1348 2435 πλέον
1359 2377 1389 2434 οὐ
1399 2373 1538 2447 πιστεύωγ,
1549 2376 1571 2432 ci
1585 2381 1665 2454 νεκρᾷ
1678 2371 1802 2443 πλησιάζοι
1814 2369 1844 2426 αθ·

279 2461 338 2517 κατ’
349 2457 543 2534 αὐτοματισμόν
559 2459 688 2514 λαθοῦσαν
703 2458 823 2518 ἀπελθεῖν
836 2458 951 2534 συνέθη,
965 2459 1013 2532 ria
1027 2462 1054 2520 δέ
1099 2485 1149 2528 τως
1160 2465 1290 2540 ἐπιμελῶς
1301 2458 1495 2541 παραγενομένῃ
1503 2459 1572 2518 εατδ
1583 2459 1628 2519 τόν
1640 2458 1715 2517 αὐτὸν
1726 2457 1809 2537 καιρδν,
1817 2455 1846 2514 ln

279 2543 488 2624 παραγενομένην
503 2541 544 2602 διδ
558 2541 606 2613 τλν
620 2541 744 2602 ἀπόλυσιν
760 2546 907 2626 δυσφορεῖν·
920 2550 958 2626 τῷ
970 2547 1054 2605 νεανί-
1099 2547 1126 2606 δέ
1143 2547 1293 2620 δεεπνούσης
1308 2549 1363 2620 μετ’
1382 2543 1461 2607 αὐτοῦ
1479 2546 1525 2606 καί
1545 2545 1736 2623 συμπινούσης,
1756 2543 1846 2606 ἀπίστοις

281 2655 336 2708 σκιρ
350 2627 376 2688 δέ
389 2633 427 2710 τῷ
441 2627 504 2710 ξένῳ
518 2629 604 2687 πάντα
618 2628 644 2698 ἐξ
664 2633 747 2709 ἀρχῆς
761 2629 956 2709 ἐξηγησαμένην
971 2631 1056 2700 ἀξιοῦν
1099 2625 1168 2714 εἶχεν
1182 2627 1219 2702 οἷς
1233 2637 1324 2694 ἐκεῖνοι
1335 2633 1517 2715 προόγγειλαν·
1532 2632 1600 2712 ᾤετο
1613 2633 1645 2704 δὴ
1655 2629 1806 2711 νεκρορύκτας
1815 2652 1843 2686 τι·

280 2716 339 2797 περὶ
351 2715 384 2775 τά
396 2716 491 2794 γόνατα
502 2715 723 2796 περιπλεκομένην
736 2721 779 2777 τοῦ
793 2718 922 2797 Μαχαίταν
932 2717 979 2790 τὴν
989 2719 1055 2792 ἀλή-
1101 2719 1146 2787 νάς
1166 2721 1318 2802 διωρυχίναι
1331 2720 1374 2779 τδν
1388 2721 1468 2802 τάφον
1482 2720 1527 2780 καί
1549 2719 1711 2801 πεπρακέναι
1728 2717 1757 2776 τά
1774 2717 1845 2790 ίμάτια

280 2809 350 2861 θειαν
365 2805 445 2861 εἰπεῖν
467 2802 547 2878 μηδέν
568 2804 792 2884 ἀποκρυψάμενον.
819 2803 853 2864 Ὁ
877 2804 904 2863 δέ
927 2805 1056 2872 νεανίσκος
1101 2807 1146 2865 καί
1161 2807 1301 2888 τάχρθσια
1320 2811 1357 2890 τῷ
1371 2809 1451 2888 πατρί
1467 2811 1513 2879 τῆς
1527 2808 1675 2886 ἀνθρώπου.
1715 2803 1846 2878 Βουλόμενος

281 2887 428 2966 ἀγωνιάσας
441 2887 487 2959 τὴν
508 2887 592 2968 ἀρχὴν
607 2889 655 2964 μδν
674 2889 848 2970 διεταράχθη,
864 2891 936 2966 μόλις
952 2891 979 2949 δέ
992 2914 1055 2950 ποτε
1100 2883 1144 2950 οῦν
1155 2891 1202 2964 τὴν
1217 2893 1349 2972 ἀκρίόειαν
1366 2895 1481 2970 είδῆσαι,
1494 2891 1593 2968 πέμπει
1607 2892 1666 2958 τοὺς
1684 2893 1770 2955 παῖδας
1780 2887 1844 2962 λάθρα

280 2976 309 3034 τθ
321 2975 402 3052 όνομα
415 2975 579 3058 διεσάφησεν,
593 2975 631 3034 ότι
645 2979 776 3036 Φιλίννιον
790 2977 843 3047 riq·
854 2979 899 3036 καὶ
912 2979 960 3050 την
972 2977 1055 3058 ἀρχὴν
1100 2983 1243 3046 καλοῦντας
1258 2979 1358 3048 αὐτούς.
1393 2979 1503 3060 Ταχέως
1517 2977 1544 3038 δέ
1558 2977 1767 3060 παραγενομένων
1778 2978 1813 3031 τοῦ
1824 2993 1845 3027 τε

281 3064 423 3142 διηγήσατο
435 3067 480 3134 τῆς
498 3063 612 3136 εἰσόδου,
630 3063 675 3122 καί
688 3064 735 3135 τὴν
751 3065 889 3142 ἐπιθυμίαν
901 3067 979 3136 αὐτῆς
993 3065 1055 3136 έδή-
1100 3067 1286 3152 Δημοστράτου
1303 3067 1404 3137 καὶτῆς
1417 3069 1560 3148 Χαριτοῦς,
1571 3067 1678 3126 ἰδόντων
1691 3087 1718 3124 τε
1731 3059 1799 3130 atriu
1811 3055 1843 3116 κοί

285 3177 1837 3202 -—-—--.—.—.......-.........-....---

280 3227 346 3276 tricis
362 3229 527 3288 consternata,
539 3227 613 3275 animi
629 3229 665 3276 eat
673 3239 743 3289 paam
759 3227 892 3290 deliquium
906 3249 912 3276 :
931 3243 988 3278 mox
999 3231 1054 3279 titire
1103 3231 1199 3292 taceret,
1217 3243 1272 3292 qun
1283 3231 1314 3280 nh
1325 3243 1353 3280 ea
1362 3232 1455 3280 tuorum
1467 3231 1565 3293 relicta,
1587 3233 1671 3294 aperto
1688 3230 1744 3277 mco
1753 3223 1844 3288 uetuit,

280 3305 416 3366 recordata,
430 3305 497 3355 tteuit
510 3325 515 3354 :
529 3305 626 3355 undem
647 3305 748 3355 inuenire
769 3307 886 3356 nutricem
898 3307 968 3370 dixit,
983 3311 1055 3372 atque
1099 3308 1215 3356 annulum
1228 3319 1300 3370 quem
1311 3307 1342 3356 ab
1360 3319 1388 3356 m
1406 3311 1529 3370 acceperat
1539 3319 1656 3368 aureum,
1669 3307 1693 3356 et
1703 3303 1806 3354 θεειῖοΙειει
1815 3311 1843 3358 it·

280 3381 345 3430 abire
360 3381 430 3442 jureii
448 3383 563 3432 celeriter.
582 3383 680 3433 liutrice
690 3397 747 3433 vero
757 3385 799 3447 ῖςκιῖ
811 3385 978 3447 exprobrante,
989 3386 1054 3448 quod
1099 3383 1226 3443 cientem,
1243 3395 1317 3446 quam
1330 3383 1452 3446 superiore
1470 3385 1540 3434 nocte
1560 3383 1697 3446 reliquerat
1714 3378 1799 3431 ctrrrito
1813 3371 1844 3420 nii

280 3470 330 3519 prm
348 3457 440 3519 ignavie
449 3471 517 3507 auam
527 3459 597 3508 tiliam
609 3459 690 3510 videre
701 3461 828 3524 negligeret
839 3465 846 3523 (
857 3475 913 3511 nam
924 3476 949 3512 ce
959 3461 1055 3524 quidem
1099 3459 1166 3508 unu
1175 3459 1235 3510 vidit
1243 3460 1322 3521 εῖςιιιι,
1331 3459 1489 3520 εκιῖεειιενῖῖς
1498 3459 1625 3520 mucisque
1633 3451 1843 3515 imiimuuruu

281 3542 363 3579 εειιιιιιι
381 3543 447 3591 ecee,
468 3534 541 3593 atque
560 3534 640 3584 auimo
661 3535 706 3584 cibi
726 3537 868 3598 constare),
881 3549 943 3597 egre
960 3536 1056 3586 tandem
1100 3535 1177 3596 capite
1188 3535 1307 3598 proiecta,
1319 3535 1343 3584 in
1356 3534 1566 3596 terramcoucidit,
1578 3535 1716 3596 indiciisque
1729 3525 1843 3579 ermuini

281 3605 378 3654 ctiamto
388 3605 473 3668 purtim
485 3619 499 3655 a
508 3609 600 3658 nutrice
606 3614 689 3659 coacta
696 3646 703 3670 ,
711 3611 798 3672 parum
806 3612 886 3662 videre
895 3614 993 3676 cupieris
998 3613 1056 3676 quid
1101 3611 1192 3660 luctum
1205 3611 1236 3660 ab
1243 3611 1310 3662 initio
1322 3612 1424 3674 repetiit:
1438 3615 1528 3673 tlocpec
1538 3611 1584 3660 icta
1594 3622 1699 3667 cerneus,
1709 3617 1775 3669 quum
1781 3609 1843 3650 οοεοο

281 3683 313 3730 rei
324 3682 462 3744 accidisset,
474 3683 504 3732 ad
514 3681 575 3732 soree
582 3683 708 3746 bospitiiae
719 3687 910 3750 contemnique
920 3701 981 3750 cero,
991 3690 1056 3752 quod
1101 3687 1126 3736 in
1143 3700 1237 3736 summo
1250 3689 1327 3736 acuent
1349 3700 1450 3737 moerore
1469 3699 1498 3736 ac
1509 3687 1704 3744 lamentarentur,
1721 3680 1780 3744 quari
1795 3685 1842 3726 nult

281 3759 385 3808 multum
392 3759 521 3811 effluxisset
529 3763 655 3824 temporis,
665 3763 724 3812 dum
735 3765 853 3814 εσοιιιιάιιε
864 3769 962 3816 nuntius
971 3769 1055 3829 perier·
1101 3764 1236 3828 sepeliendo
1254 3765 1309 3828 tocie
1320 3765 1417 3814 charito
1430 3767 1492 3814 emet
1507 3783 1513 3814 :
1532 3764 1614 3814 animo
1631 3759 1764 3812 conturbato
1778 3763 1842 3802 cousc-

282 3843 322 3887 tur
333 3839 400 3900 (ciue
409 3841 434 3888 et
442 3839 601 3900 mennonium
612 3841 871 3903 homaprimonuntio
879 3847 1054 3907 emctreoset).
1102 3842 1145 3890 laci
1159 3853 1212 3890 eam
1231 3841 1316 3903 cupit,
1336 3843 1364 3890 ut
1384 3839 1455 3890 finem
1473 3839 1576 3902 ejulandi
1598 3839 1786 3895 trunitanus,
1804 3839 1843 3914 qm

281 3919 335 3973 Quo
352 3915 441 3965 iactum
458 3919 493 3966 eet
510 3919 538 3965 ut
549 3915 642 3978 illitam
653 3918 808 3980 quiescerent.
825 3922 900 3970 Mater
915 3922 986 3982 igitur
999 3936 1056 3971 con-
1102 3919 1245 3979 mittensque
1264 3919 1345 3980 iilam,
1363 3918 1383 3967 si
1403 3917 1503 3976 rediret,
1521 3918 1541 3966 ci
1558 3919 1759 3966 monstraturum:
1778 3903 1843 3967 (quills

282 3991 541 4053 tutn,veueequioem
551 3992 724 4043 etlineamenta
734 3995 813 4044 vultus
826 3995 877 4044 riae
892 3995 937 4044 cibi
947 3999 1058 4058 eetagno·
1102 3995 1198 4045 einrito
1215 3997 1280 4046 moto
1292 3993 1385 4056 verbis,
1397 3994 1522 4052 mandute,
1539 3995 1567 4042 ut
1581 4004 1678 4054 operam
1695 3988 1755 4036 duret
1768 3981 1843 4040 ffiqigrn·

281 4079 356 4116 acere.
374 4071 456 4124 Quum
469 4071 549 4118 nutem
561 4069 696 4120 nnitacacet
711 4071 815 4120 veritatis
829 4071 863 4121 rei
881 4073 1058 4134 perscrutandae
1101 4073 1147 4134 ter,
1164 4085 1212 4133 quo
1228 4071 1342 4133 promissa
1359 4071 1481 4132 impleret,
1496 4067 1595 4120 domum
1613 4067 1677 4118 obiit.
1699 4065 1729 4113 Ut
1746 4055 1843 4144 norniactt

283 4143 359 4204 ratio,
371 4144 540 4205 quiescendum
560 4145 604 4194 citri
618 4145 804 4209 duriusculum
815 4161 840 4197 se
851 4161 921 4198 mane
936 4153 1057 4198 surrectu·
1101 4149 1150 4208 eci,
1162 4149 1187 4198 et
1201 4147 1260 4198 hora
1280 4145 1393 4210 appetiit,
1413 4159 1460 4208 qua
1478 4145 1622 4196 Phiiinniunr
1643 4141 1729 4192 solebat
1740 4136 1766 4185 ad
1785 4141 1843 4192 rpcun

282 4233 343 4281 ram,
354 4219 695 4284 titiumquedeprrireneuram;
706 4226 1056 4287 uut‚siseriusveuiret,etta·
1101 4225 1230 4284 ventitare,
1251 4227 1420 4288 exspectarunt
1439 4237 1496 4273 eane
1512 4223 1545 4272 ilii
1560 4222 1687 4272 aduentum
1706 4217 1769 4277 ιῖρεε
1781 4211 1842 4290 eutem

283 4299 354 4346 clieta
371 4297 447 4345 totam
469 4311 518 4347 rem
534 4300 681 4361 cognituram
699 4315 704 4347 ι
722 4315 800 4363 noque
817 4303 881 4351 enim
900 4303 1057 4352 mentiturum
1102 4302 1176 4351 veuit.
1189 4305 1250 4361 Qum
1266 4315 1341 4363 quum
1357 4301 1471 4350 consueto
1491 4301 1598 4360 tempom
1608 4298 1669 4348 esset
1685 4285 1812 4356 ingressi,el
1825 4291 1843 4326 ’θ

283 4374 415 4436 oum,ci‹te
425 4377 722 4440 tuntareiuterrogaretur.
734 4380 967 4442 ltaquecilenaubiit.
980 4382 1058 4430 Prima
1103 4381 1164 4430 tecto
1173 4379 1325 4438 concedisset,
1335 4379 1455 4428 itachates
1468 4377 1526 4426 nihil
1534 4389 1583 4439 prm
1599 4375 1723 4432 soterem,
1734 4379 1777 4417 rem
1788 4358 1842 4410 ffl⁰d⁰

284 4453 338 4502 tuce
349 4452 403 4512 illa,
412 4452 462 4502 aive
473 4451 511 4501 del
523 4454 625 4516 quodam
637 4457 697 4503 nutu
706 4455 756 4505 aive
766 4469 821 4504 cusu
833 4457 921 4518 atiquo,
933 4457 1015 4508 abiens
1026 4459 1057 4507 te·
1102 4458 1176 4519 iucem
1193 4457 1317 4520 explorare
1335 4457 1445 4519 cupiens,
1464 4455 1595 4518 urceorum
1614 4456 1641 4502 ut
1660 4450 1700 4513 qul
1717 4448 1842 4506 Bituitum

284 4529 350 4578 tellit.
362 4531 438 4578 itater
448 4531 527 4578 cutem
535 4565 542 4590 ‚
551 4543 627 4592 quum
635 4529 775 4592 advenisset,
784 4532 982 4594 monimntum
992 4529 1070 4595 tulit,
1102 4535 1209 4584 crederet
1218 4547 1243 4584 ac
1255 4547 1310 4582 cum
1321 4536 1471 4594 mortuarum
1482 4531 1579 4591 lubere,
1590 4542 1644 4592 qum
1654 4529 1702 4576 tem
1711 4519 1805 4572 coeunte
1812 4524 1842 4560 ου·

284 4605 349 4666 quod
367 4617 421 4654 earn
439 4618 487 4654 uon
497 4605 644 4656 otienclcret:
659 4605 803 4657 adolescenti
814 4611 908 4670 autem,
921 4615 945 4658 et
956 4609 1057 4672 hospiti,
1100 4609 1155 4660 dem
1167 4611 1280 4672 temporis
1295 4609 1395 4659 articulo
1405 4608 1434 4658 ad
1450 4621 1475 4658 ae
1486 4608 1586 4666 ueniret,
1600 4603 1629 4654 ειά
1644 4599 1770 4652 necerim
1779 4599 1842 4640 setim

284 4697 309 4730 re
318 4684 368 4730 tota
380 4681 410 4732 ab
422 4681 488 4732 tuitio
499 4683 618 4744 exposita,
632 4697 708 4745 grana
721 4685 971 4747 amplexationum,
984 4687 1057 4735 horni-
1101 4677 1182 4736 ederet
1199 4689 1271 4750 atque
1282 4685 1373 4734 biberet
1386 4704 1392 4734 ι
1409 4685 1489 4746 itaque
1501 4684 1573 4732 etiem
1583 4681 1610 4731 iic
1618 4679 1686 4728 tidem
1701 4687 1745 4724 nou
1757 4665 1842 4746 habeti

283 4773 338 4810 nem
347 4760 490 4820 obsecravit,
498 4762 719 4812 utuitritoccultenc
727 4765 852 4812 imitatem
865 4763 981 4824 proderet
993 4764 1056 4814 Ado·
1101 4775 1157 4825 qure
1169 4761 1253 4812 abillis
1266 4762 1432 4820 nunciantur,
1448 4763 1589 4824 pauretque
1605 4753 1714 4818 quosdam
1722 4757 1799 4802 eorum.
1811 4749 1841 4800 qu

284 4836 382 4895 iacens,
392 4837 472 4884 animo
493 4839 593 4897 anxius,
613 4839 681 4888 initio
699 4839 795 4900 quinem
809 4841 956 4901 perturbari,
969 4841 1058 4902 uixque
1101 4843 1210 4890 mortuos
1223 4841 1327 4890 etlodere
1338 4840 1424 4899 solent,
1435 4839 1521 4888 etlosco
1532 4835 1639 4899 sepulcro
1648 4832 1721 4882 uestes
1731 4830 1753 4876 et
1762 4827 1841 4871 eunom

283 4911 381 4960 dunum
393 4923 480 4960 nomen
490 4911 573 4974 edere,
585 4927 635 4963 acce
645 4929 698 4964 mm
710 4917 819 4977 inquiens
831 4915 974 4967 Pirittnnium
986 4938 991 4965 :
1004 4922 1056 4966 tum
1102 4917 1218 4966 mundum
1235 4917 1295 4980 patri
1305 4915 1390 4978 puellm
1410 4913 1549 4965 renituisse
1561 4911 1662 4974 Cupiens
1671 4919 1723 4966 0¹8⁰
1735 4912 1778 4950 ‘⁸¹¹¹
1791 4895 1842 4941 “¹¹⁰

227 4993 229 4998 '
284 4989 1058 5058 principiumintroitucexpcnere‚etmniieriscupiditatem‚qum
1101 4995 1242 5057 perspicere,
1252 5007 1338 5056 pueros
1348 4993 1442 5042 occulte
1450 4992 1524 5040 mittit
1533 4989 1632 5039 accitum
1641 4996 1687 5034 eoc-
1696 4985 1768 5064 Qtwn
1777 4971 1840 5019 auten

284 5079 309 5115 ce
318 5066 379 5114 cium
390 5071 499 5128 parentem
508 5069 540 5126 ,ειῖ
550 5070 626 5132 ipsum
639 5071 719 5120 venire
728 5071 832 5122 dixisset.
848 5075 926 5135 thue
940 5073 972 5122 rei
986 5073 1056 5122 tidem
1103 5073 1226 5123 corrioetinr
1238 5074 1354 5122 venissent
1371 5071 1535 5121 Demostratus
1550 5070 1575 5117 et
1586 5064 1692 5120 cinrito,
1708 5051 1841 5105 ,fimique
