3944 5728
753 327 974 392 HADRIANUS
994 329 1135 395 CAESAR.
1683 362 1740 414 585

189 457 385 530 Bernnardyus
396 457 433 514 ad
444 457 557 514 Suidarn
570 479 596 512 v.
607 457 761 537 Φαὸωρῖνος
774 462 922 536 legendum
966 466 1020 520 Diu
1034 467 1148 521 Cassius.
1165 468 1284 540 Reliqua
1308 470 1444 527 Hadriani
1458 476 1561 548 scripta
1574 481 1700 550 prosaica
1713 494 1741 538 οι

149 553 242 597 censet
266 539 332 621 [lapi
356 544 523 621 Κυρηναϊκῆς
539 543 683 616 πολιτείας,
701 549 744 602 De
768 549 923 618 Cyrenaica
968 555 1078 628 poetica
1089 555 1159 610 nihil
1173 575 1310 614 curamus.

148 639 230 694 secia,
240 629 400 703 librumque
409 631 645 704 huncpartnmvel
653 633 923 705 appendicemfiiisse

150 717 243 787 operis
259 717 289 770 in
299 735 356 789 quo
371 716 407 774 de
419 719 534 774 Socrate
545 718 658 794 ejusque
670 719 813 794 discipulis
823 733 922 778 auctor
1201 727 1287 786 ΒΙΟΣ
1301 729 1501 793 inpurior.

150 803 248 875 egerit.

1005 875 1094 931 AElius
1104 877 1265 949 Spartianus
1278 879 1308 934 in
1317 881 1460 940 Hadriano
1474 905 1498 940 c.
1513 904 1529 956 7
1547 904 1555 945 ι
1570 891 1684 962 Nigrini
1697 897 1738 947 in·

965 962 1066 1030 sidias,
1085 981 1155 1036 quas
1168 965 1217 1017 ille
1227 966 1399 1039 sacrificanti
1413 972 1550 1040 Adriano,
1567 983 1674 1034 conscio
1684 978 1740 1034 sibi

965 1048 1049 1102 Lusio
1066 1050 1195 1102 etmultis
1208 1051 1289 1120 aliis,
1305 1067 1465 1126 paraverat,
1484 1078 1565 1132 quum
1581 1071 1739 1121 eumerium
1755 1107 1759 1116 .

965 1152 1143 1191 successorem
1161 1137 1272 1194 sibimet
1288 1141 1428 1196 Adrianus
1443 1145 1614 1218 destinasset,
1642 1159 1738 1212 ararit.

263 1169 574 1258 HADRIANUS
602 1171 806 1266 CAESAR·
967 1221 1061 1290 Quam
1070 1224 1174 1277 Palma
1194 1225 1365 1296 Terracinae,
1393 1229 1485 1285 Cedias
1495 1234 1587 1303 Baiis,
1605 1240 1740 1311 Nigrinus

966 1307 1116 1376 Faventia,
1130 1309 1229 1364 lunius
1240 1316 1270 1365 in
1282 1317 1394 1383 itinere,
1411 1329 1508 1372 senatu
1513 1321 1635 1390 jubente,
1656 1330 1740 1382 invita

190 1377 277 1432 AElius
287 1377 447 1450 Spartianus
456 1379 486 1432 in
499 1377 634 1437 Hadrian.
646 1398 672 1435 c.
692 1379 727 1435 16
741 1398 748 1438 :
764 1383 862 1437 Famoe
875 1403 919 1438 ce·
965 1393 1090 1450 Adriano
1102 1391 1110 1471 (
1121 1406 1151 1450 ui
1162 1400 1221 1469 ipse
1235 1402 1264 1452 ia
1279 1400 1348 1456 Vita
1359 1420 1411 1456 sua
1423 1405 1509 1478 dicit)

445 1018 625 1046 -Omfi-

152 1465 233 1518 lebris
250 1466 389 1518 Adrianus
405 1477 462 1520 tam
480 1469 596 1538 cupidus
604 1465 677 1536 faie,
700 1481 730 1524 ui
750 1472 833 1526 libras
853 1478 923 1528 vitoe
1004 1481 1060 1535 Dio
1082 1482 1187 1537 Cassius
1200 1483 1309 1556 LXIX,
1327 1505 1359 1542 11
1376 1508 1383 1542 :
1400 1485 1434 1546 ‘0
1448 1423 1687 1567 rdpssdoevdiidosaudi

150 1568 225 1620 suoe,
237 1555 351 1624 scriptos
364 1569 383 1604 a
400 1569 441 1618 se,
462 1552 567 1606 libertis
585 1559 642 1608 suis
664 1557 782 1611 aaran
798 1558 916 1626 dederit,
966 1564 996 1621 ἐκ
1006 1563 1142 1637 Βιθυνίου,
1157 1565 1255 1635 mna<
1267 1571 1415 1650 Βιθυνίδος,
1429 1573 1463 1646 ἣν
1474 1574 1518 1634 ani
1531 1521 1738 1642 Kiauiuiadin

150 1637 247 1697 iubeas
267 1648 298 1691 ui
317 1656 363 1692 eos
380 1643 437 1692 suis
455 1641 611 1694 nominibus·
624 1643 806 1714 publicarent
825 1663 837 1698 .·
857 1665 922 1700 nam
966 1651 1112 1728 καλοῦμεν·
1128 1655 1277 1714 amadriadas
1295 1660 1373 1716 αὐτοῦ
1394 1659 1519 1736 ἰγεγόνει,
1532 1665 1576 1721 καὶ
1588 1667 1615 1724 ἐν
1635 1671 1668 1747 τῇ
1689 1672 1739 1730 Αἰ-

151 1722 312 1794 Phlegontis
323 1723 388 1780 iibri
401 1727 523 1780 Adriani
533 1745 591 1781 esse
601 1730 736 1785 dicuntia.
752 1731 829 1785 Inter
839 1732 922 1787 Phln-
966 1734 1057 1818 γύπτῳ
1074 1738 1254 1812 ἐτελεύτησεν·
1268 1743 1315 1802 εἴτ’
1328 1735 1372 1804 οἷν
1394 1747 1428 1812 εἰς
1441 1747 1484 1805 τὸν
1505 1751 1597 1810 Νεῖλον
1610 1753 1736 1827 ἐκπεσὼν,

152 1812 243 1883 gantis
253 1814 354 1886 scripta
365 1813 453 1868 libros
463 1815 506 1868 De
514 1819 577 1868 vita
590 1817 729 1870 Hadriani
740 1835 798 1870 non
811 1835 922 1874 memo·
965 1825 1000 1886 iu
1013 1821 1142 1905 Ἀδριανὸς
1152 1826 1258 1908 γράφει,
1271 1829 1322 1890 εἴτε
1331 1831 1377 1892 κοιλ
1388 1834 1572 1916 {apuam-nida,
1583 1840 1618 1906 ὥς
1628 1839 1735 1912 ἀλήθεια

152 1907 195 1952 rat
203 1899 302 1956 Snidas
313 1919 341 1956 ν.
354 1896 476 1977 Φλέγων,
485 1903 632 1976 ipsumque
642 1903 816 1960 Hadrianum
827 1906 922 1963 laudat
966 1905 1030 1986 ἔχει.

1723 1521 1737 1554 ν
1808 1501 1814 1514 .
