3944 5728
494 268 906 424 ‚PHLEGON
952 265 1500 405 TRALLIANUS.
1576 294 1581 302 ’

874 583 1153 618 -ιψ-

257 784 356 842 Suidas
368 801 376 841 t
390 780 681 862 θίλίγωνΤραλλιανδς,
699 780 866 862 άπιλιίθιρος
878 785 922 840 τοῦ
939 783 988 842 Σι·
1034 784 1159 856 Phlegon
1179 786 1224 839 vel
1238 787 1307 840 alius
1319 785 1432 857 quidam
1448 786 1568 841 coniecit
1583 785 1659 840 libris
1682 785 1806 841 duobus.

218 867 315 928 ῦαστοῦ
337 869 469 948 Καίσαρος
483 868 525 946 (οἱ
549 869 571 926 δ’
584 868 718 946 Ἀδριανοῦ
738 869 841 947 φασιν),
855 867 989 947 ίστορικάς.
1034 870 1141 940 Quodsi
1156 871 1231 944 apud
1249 871 1362 926 Suidarn
1382 873 1503 944 legitur:
1525 867 1558 926 rh
1573 869 1596 927 δ’
1613 871 1678 926 αὐτά
1691 872 1718 926 ἐν
1733 869 1808 946 βιθλ.

217 957 351 1036 Ἐγραψεν
367 955 549 1034 Ὀλυμπιάδας
563 957 589 1014 lu
607 955 714 1034 βιῦλίοις
732 955 766 1020 ις’
782 953 856 1031 (leet
870 956 896 1012 δθ
911 953 990 1033 μίχρε
1035 947 1108 1025 η’,οτ
1121 957 1301 1032 deindepost
1320 960 1394 1014 alia:
1411 955 1543 1032 Ἐπιτομὴ
1556 956 1767 1032 Ὀλυμπιονικῶν
1783 961 1809 1016 ἐν

217 1047 264 1113 τῆς
285 1041 341 1100 σκθ’
355 1041 535 1118 Ὀλυμπιάδος
556 1039 590 1100 τά
612 1039 761 1120 πραχθέντα
776 1043 935 1120 πανταχοῦ),
957 1039 991 1098 τά
1036 1041 1107 1120 βιθλ.
1124 1043 1158 1120 β’,
1178 1055 1297 1118 utraque
1309 1046 1368 1102 haec
1382 1045 1418 1101 acl
1441 1037 1515 1101 idern
1536 1049 1703 1118 opusculum
1717 1049 1809 1120 perti-

218 1131 242 1188 δ’
258 1129 325 1188 αὐτά
339 1131 365 1187 ir
380 1128 489 1208 βιθλίοις
500 1129 536 1200 η’,
547 1123 696 1207 Ἔκφρασιν
711 1127 845 1200 Σικελίας,
862 1127 928 1208 Περί
940 1149 991 1202 μα·
1035 1147 1102 1186 nere
1116 1142 1200 1204 puto,
1211 1131 1326 1186 Suidum
1340 1149 1408 1186 vero
1423 1133 1495 1188 male
1506 1132 1660 1187 distinxisse
1671 1144 1809 1208 propter-

218 1216 330 1296 κραδίαν
353 1217 398 1274 καί
419 1214 584 1292 θαυμασίων,
600 1214 667 1292 llapl
688 1218 739 1272 τῶν
757 1216 831 1294 παρά
850 1213 991 1290 Ῥωμαίοις
1035 1235 1086 1285 ea,
1108 1218 1188 1290 quod
1201 1219 1231 1272 in
1252 1229 1379 1286 auctore,
1403 1218 1479 1274 unde
1497 1220 1617 1274 alterum
1629 1218 1743 1274 titulum
1756 1219 1810 1275 de-

219 1305 313 1382 ίορτῶν
329 1300 418 1380 βιθλία
432 1301 467 1379 γ’,
482 1301 550 1382 Πιρλ
567 1305 619 1360 τῶν
636 1304 662 1360 ίν
675 1301 768 1380 Ῥώμῃ
786 1301 871 1360 τάπων
886 1299 931 1360 καί
955 1291 991 1358 ὧν
1035 1306 1183 1377 prompsit,
1196 1305 1293 1360 scribae
1302 1323 1401 1360 errore
1411 1306 1555 1380 legebatur
1569 1303 1594 1362 ίν
1605 1303 1676 1380 βιάλ.
1687 1305 1713 1374 η’
1719 1325 1775 1381 pro
1785 1307 1812 1362 ἐν

219 1387 403 1459 ίπικίκληνται
417 1389 564 1466 ὀνομάτων,
579 1387 726 1466 ’tereph
740 1389 950 1466 ’Ὀλυμπιονικῶν
964 1389 991 1444 tv
1037 1385 1108 1464 βτθλ.
1120 1387 1159 1466 β’.
1172 1391 1302 1446 Ceteram
1319 1390 1356 1446 de
1367 1391 1475 1446 ratione
1487 1391 1590 1446 horum
1604 1392 1812 1450 chronicorum

220 1473 329 1552 βιθλίοις
347 1473 381 1552 β’,
391 1473 435 1532 καὶ
450 1474 528 1534 ἄλλα.
1036 1477 1075 1532 ita
1088 1477 1174 1532 habet
1187 1477 1302 1532 Photius
1315 1475 1380 1532 cod.
1396 1493 1452 1550 97:

259 1561 442 1637 Phlegontem
453 1564 589 1620 Hadriani
603 1562 699 1632 misse,
712 1583 772 1620 nun
789 1581 856 1620 vero
875 1565 991 1638 Augusti
1076 1561 1235 1640 Ἀνεγνάιοθη
1263 1562 1412 1638 Φλίγοντος
1437 1563 1616 1639 Τραλλιανοῦ,
1639 1563 1812 1642 θπελευθίρου

219 1650 367 1718 libertum,
382 1650 519 1706 utSuidas
528 1661 637 1724 putasse
649 1650 772 1717 videtur,
787 1651 818 1704 in
830 1651 927 1722 aprico
939 1663 989 1708 est.
1035 1651 1080 1706 τοῦ
1092 1649 1276 1727 αὐτοκράτορος
1286 1648 1428 1726 Ἀδριανοῦ,
1438 1647 1648 1723 ’Ὀλυμπιονικῶν
1660 1650 1705 1706 καὶ
1715 1653 1813 1728 Χρονι-

218 1737 261 1792 Ile
276 1739 333 1792 vita
345 1735 427 1808 hujus
446 1739 590 1811 scriptoris
609 1739 764 1793 accuratius
784 1736 920 1808 quiddam
934 1755 992 1792 non
1037 1737 1089 1791 κῶν
1101 1733 1247 1811 συναγωγή.
1289 1737 1315 1792 ll
1333 1734 1444 1814 οσφωνεῖ
1454 1733 1483 1791 ch
1495 1735 1632 1812 σύνταγμα
1652 1735 1715 1814 πρὸς
1725 1737 1813 1796 Ἀλκι-

220 1823 350 1880 traditnr.
372 1824 519 1880 Libertum
545 1825 639 1880 liberti
663 1826 750 1880 nostri
780 1823 862 1878 luisse
889 1823 991 1880 AEliurn
1036 1819 1215 1896 άιάδηντινθ,
1231 1811 1304 1888 δςιίς
1333 1821 1456 1887 ντιῗινιίς
1464 1820 1510 1890 τὴν
1520 1820 1638 1900 φυλακὴν
1647 1823 1812 1900 τεταγμένων

219 1909 349 1968 hlaunuu
360 1911 446 1966 refert
455 1912 617 1986 Spartianus
631 1912 661 1964 in
674 1912 777 1966 Severo
792 1929 818 1968 c.
836 1928 883 1968 ao.
1035 1913 1080 1965 τοῦ
1096 1907 1239 1988 Ἀδριανοῦ.
1281 1909 1404 1987 Ἀρχετιιι
1421 1907 1509 1980 δδτῆς
1524 1913 1675 1986 συναγωγῆς
1695 1911 1748 1969 tet
1764 1917 1812 1982 τῆς

259 1999 344 2074 Quod
361 2003 465 2075 scripta
486 2001 647 2076 Phlegontis
664 2002 779 2068 attinet,
802 2018 836 2054 ex
849 2011 930 2073 perte
947 2019 992 2055 sn-
1036 1995 1141 2072 πράιτης
1155 1994 1348 2071 Ὀλυμπιάδος,
1363 1997 1428 2054 διότι
1438 1993 1472 2054 πθ
1485 1995 1616 2075 πρότιρα,
1629 1987 1716 2062 καθὼς
1728 1999 1813 2056 καλοί

220 2091 419 2162 perstitessunt
430 2089 517 2144 libelli
531 2085 597 2164 Περὶ
608 2085 759 2162 θαυμασίων
770 2099 799 2142 et
811 2083 877 2163 lltpl
890 2107 992 2162 μακρο-
1036 2082 1110 2140 άλλοι
1131 2080 1223 2160 σχεδόν
1236 2105 1262 2139 τι
1273 2081 1367 2148 πάντας
1387 2081 1476 2162 φασίν,
1495 2082 1542 2140 οῦκ
1563 2084 1652 2160 ἔτυχεν
1674 2083 1725 2142 ίιπό
1744 2108 1812 2151 τινος

222 2172 295 2245 δίων,
307 2194 379 2249 quos
391 2193 521 2230 unacum
532 2176 689 2250 fragmento
704 2175 740 2230 de
748 2173 882 2230 ludorum
896 2174 993 2246 Olym·
1037 2169 1156 2248 άκριὸοῦς
1167 2169 1212 2226 καί
1231 2170 1341 2238 ἀληθοῦς
1353 2171 1516 2249 ἀναγραφῆς,
1535 2168 1602 2226 ant
1622 2168 1685 2227 ἄλλο
1697 2193 1723 2228 τι
1734 2171 1813 2238 ἄλλος

219 2265 335 2336 piorum
346 2263 523 2318 institutione
535 2280 606 2316 unus
623 2264 742 2316 servavit
754 2261 845 2316 codex
854 2262 991 2316 miscella·
1036 2261 1087 2316 τῶν
1101 2255 1273 2334 ἐπιτυχόντων
1286 2255 1331 2314 καί
1342 2259 1370 2314 οὐ
1381 2255 1524 2334 συμφώνως
1539 2255 1665 2335 ἔγραψαν,
1681 2255 1751 2324 ὅσοις
1764 2259 1812 2316 καὶ

221 2368 289 2406 neus
302 2368 362 2406 saec.
373 2350 412 2416 X,
428 2349 496 2403 olim
509 2349 663 2416 Palatinus,
674 2349 838 2417 Vaticanus,
854 2349 989 2403 Parisien·
1039 2344 1138 2422 γράψαι
1153 2342 1365 2421 πιφιλοτίμηται.
1387 2341 1443 2413 Τὴν
1457 2342 1502 2418 μὲν
1526 2333 1570 2402 οῦν
1585 2343 1669 2420 ἀρχὴν
1687 2350 1735 2403 τοῦ
1748 2369 1813 2422 συγ-

220 2437 275 2504 sis,
299 2455 375 2490 nunc
389 2434 483 2490 denuo
499 2433 751 2508 lleidelhergensis,
774 2453 808 2489 ex
832 2453 890 2507 quo
908 2434 992 2489 Phle-
1036 2428 1201 2508 γράμματος,
1213 2427 1484 2506 ὥσπερέφημεν,’δπδ
1495 2428 1814 2507 τῆςπράιτηςὈλυμπιεί-

221 2533 323 2595 gontea
333 2523 439 2594 primus
461 2520 607 2592 descripsit
626 2519 770 2593 ediditque
790 2521 824 2576 G.
850 2521 993 2592 Xylander
1037 2518 1077 2582 δος
1092 2523 1219 2588 ποιεῖται,
1241 2515 1342 2573 κάτεισι
1364 2515 1407 2588 δὲ,
1428 2520 1462 2582 ὡς
1479 2515 1555 2581 αὐτός
1568 2539 1644 2596 φησι,
1666 2517 1812 2596 με’χριτῶν

222 2605 297 2678 (lias.
317 2605 407 2674 1568,
435 2605 480 2680 ὃ).
497 2609 602 2661 lterum
618 2607 743 2661 codicem
758 2609 875 2662 excussit
887 2609 993 2662 Bestius
1037 2603 1168 2679 Ἀδριανοῦ
1183 2603 1293 2682 χρόνων.
1310 2601 1388 2678 Ἐμοί
1404 2601 1431 2660 δί
1445 2603 1592 2678 ἀνεγνώσθη
1605 2604 1683 2680 μέχρι
1695 2608 1810 2683 τῆςροξ

223 2692 265 2768 (ν.
287 2693 783 2766 LettrecritiqueciM.Bobsonade.
799 2695 886 2762 Paris,
908 2693 992 2762 1805,
1038 2689 1250 2765 ’ίλλυμπιάδος...
1275 2693 1408 2765 Sequitur
1429 2692 1465 2746 fr.
1496 2711 1540 2750 ra.
1564 2693 1674 2748 Deinde
1692 2697 1810 2768 pergit:

221 2799 251 2856 p.
269 2779 306 2853 59
326 2798 388 2852 sqq.
400 2779 422 2854 ).
436 2779 553 2836 Initium
566 2781 631 2835 libri
647 2777 714 2854 Περί
727 2777 879 2854 θαυμασίων
894 2783 924 2835 in
938 2783 990 2838 llls.
1037 2776 1117 2836 Ἔστι
1139 2776 1167 2836 δὲ
1188 2777 1236 2848 τὴν
1251 2777 1345 2856 φράσιν
1359 2776 1417 2835 οὔτε
1431 2777 1489 2834 λίαν
1509 2776 1675 2854 χαμαιπετὴς
1695 2776 1753 2836 οὔτε
1766 2779 1813 2836 τὸν

222 2867 408 2923 desideratur.
421 2868 563 2940 Scriptum
571 2869 613 2923 De
624 2867 757 2940 longaevis
769 2868 807 2920 ita
818 2868 909 2942 priori
922 2885 991 2939 opu·
1039 2863 1150 2922 Ἀττικδν
1160 2867 1185 2928 ἒς
1196 2864 1225 2923 τθ
1239 2861 1479 2940 άκριθὲςδτασυίζων
1489 2867 1654 2944 χαρακτῆρα.
1670 2862 1769 2931 Ἄλλως
1783 2889 1813 2924 τε

220 2955 298 3008 sculo
312 2952 467 3024 subjicitur,
485 2966 518 3008 ut
538 2954 615 3008 nulla
637 2955 673 3008 xit
685 2955 833 3026 separatio.
849 2954 894 3009 Ad
909 2953 993 3008 linem
1038 2950 1064 3008 δὲ
1078 2951 1147 3020 καὶὴ
1160 2951 1219 3030 περί
1231 2950 1277 3016 τθς
1300 2949 1462 3026 ὀλυμπιάδας
1485 2950 1530 3008 καί
1551 2949 1584 3008 cl
1607 2951 1634 3007 ἐν
1648 2953 1738 3017 αὐταῖς
1758 2956 1811 3010 τῶν

221 3040 354 3114 leguntur
370 3059 377 3094 τ
394 3038 542 3117 Φλίγοντος
557 3038 722 3118 Τραλλιανοῦ
738 3037 910 3115 ἀπελευθέρου
926 3039 993 3097 Καί·
1038 3037 1226 3114 ἀγωνισμάτων
1246 3037 1361 3113 δνάματα
1390 3037 1436 3095 καλ
1456 3037 1560 3116 πράξεις
1584 3038 1660 3109 καὶὴ
1679 3040 1740 3118 περὶ
1753 3040 1814 3107 τοὺς

222 3145 298 3202 σαρος
311 3123 376 3204 Περί
389 3125 539 3200 θαυμασίων
552 3125 596 3182 καί
610 3123 770 3202 μακροάίων.
782 3127 848 3182 Tale
857 3127 926 3202 quid
936 3129 994 3182 Sui·
1038 3124 1169 3202 χρησμοὺς
1180 3124 1285 3206 ἄκαιρος
1293 3123 1427 3204 φιλοπονία
1437 3147 1466 3182 τε
1476 3124 1521 3182 καὶ
1534 3125 1678 3204 φιλοτιμία,
1690 3129 1726 3193 τίς
1736 3127 1814 3207 κάρον

222 3211 287 3266 clam
299 3213 426 3270 fefellisse
437 3215 558 3269 videtur.
1040 3211 1174 3288 ἀπάγουσα
1186 3211 1230 3270 etv
1250 3209 1380 3290 ἀκροατὴν
1399 3210 1444 3269 καί
1464 3211 1545 3287 μηδὲν
1568 3211 1633 3268 άλλο
1653 3215 1705 3270 τῶν
1722 3215 1749 3271 ἐν
1773 3217 1814 3293 τῷ

261 3300 338 3374 Opus
352 3301 583 3374 chronologicum
596 3299 750 3355 secundum
762 3299 893 3354 Photium
908 3297 948 3375 (r.
956 3300 995 3353 in·
1038 3297 1107 3378 λόγῳ
1116 3296 1271 3378 προκύπτειν
1285 3302 1472 3376 συγχωροῦσα,
1485 3299 1552 3368 ιἰηδῆ
1570 3321 1599 3356 τε
1609 3298 1652 3357 τδν
1669 3299 1746 3376 λόγον
1758 3302 1811 3359 δει-

222 3385 279 3458 lra)
291 3387 495 3443 inscribebatur
502 3383 711 3459 Ὀλυμπιονικῶν
720 3384 765 3442 xci
776 3385 911 3460 Χρονικῶν
921 3406 989 3441 συν-
1005 3419 1010 3432 ·
1038 3383 1108 3442 κνάει
1121 3384 1165 3442 καί
1175 3383 1278 3463 χάριτος
1289 3385 1363 3442 οὐδὲν
1383 3384 1453 3463 ἔχειν
1465 3385 1632 3464 παρατίθησι.
1672 3389 1813 3465 Χρησμοῐς

223 3467 314 3544 αγωγιί
326 3493 334 3540 3
366 3473 442 3546 apud
483 3474 655 3548 Stephanum
687 3475 752 3546 Byr.
782 3474 879 3528 titulus
906 3473 994 3528 modo
1038 3470 1066 3529 δί
1080 3473 1207 3536 παντοίοις
1219 3473 1244 3538 ἐς
1256 3470 1401 3550 ὓπερῦολήν
1412 3475 1467 3528 ε’στι
1478 3472 1645 3550 κτχρημίνος.

222 3553 402 3641 Ὀλυμπιάδες
414 3559 461 3632 (ut
474 3579 520 3632 ap·
536 3560 650 3616 Suidam
662 3559 681 3634 ),
694 3560 781 3614 modo
791 3557 916 3636 Xponxui.
930 3561 995 3615 Per·
1078 3560 1203 3615 Eandem
1216 3561 1342 3616 indolem
1365 3561 1464 3633 prodit
1481 3580 1552 3634 opus
1564 3565 1607 3618 De
1618 3563 1813 3631 Mirabilibus,

224 3645 337 3698 tinuisse
353 3645 491 3716 usquead
508 3647 553 3701 01.
576 3665 633 3719 σοι)
653 3646 726 3718 (qua
747 3646 821 3701 diem
839 3646 995 3702 Hadrianus
1039 3645 1155 3718 dequo
1180 3648 1329 3700 rectissime
1349 3647 1576 3701 Westermannus
1603 3648 1813 3724 (Paradoxogr.

224 3730 332 3804 obiit),
347 3742 449 3804 praeter
463 3733 577 3788 Suidam
595 3729 730 3786 Eusebius
749 3731 874 3806 (Chaon.
888 3751 917 3806 p.
941 3732 993 3806 195
1038 3749 1067 3804 p.
1079 3731 1131 3806 xe)
1150 3751 1156 3786 ι
1176 3733 1334 3787 «Omnium
1346 3733 1546 3786 miraculorum
1561 3733 1777 3804 collectionum,
1791 3740 1814 3792 si

223 3817 294 3890 Μαί)
310 3836 424 3890 quoque
441 3817 542 3890 tradit,
558 3819 607 3891 qui
629 3819 702 3873 inter
718 3818 808 3874 fontes
819 3838 884 3874 suos
895 3837 994 3876 recen·
1040 3819 1120 3874 Pselli
1135 3820 1251 3892 ineptias
1266 3819 1398 3892 excipias,
1411 3819 1470 3873 baec
1484 3820 1569 3893 longe
1583 3831 1622 3874 est
1629 3821 1814 3893 ineptissima,

223 3916 265 3962 set
275 3903 449 3976 Phlegontis,
470 3906 560 3959 liberti
575 3905 703 3971 Caesarr's,
719 3907 885 3973 XlVlibrns,
900 3907 996 3979 quibus
1041 3906 1107 3960 anili
1118 3907 1251 3979 sapientia
1275 3923 1307 3960 ac
1320 3907 1510 3977 superstitiosa
1528 3907 1690 3980 garrulitate
1704 3909 1814 3980 plenis-

226 3992 408 4064 Olympr'adcs
419 4009 476 4064 2²9
490 3997 661 4046 conarentur
673 3988 720 4067 (θ’).
734 3995 770 4046 At
783 4009 836 4065 pro
850 3993 916 4048 xlv
929 3994 991 4066 lege
1040 3993 1121 4059 sima,
1134 3991 1169 4045 ab
1190 3991 1312 4046 historiae
1328 3989 1385 4045 fide
1403 3991 1577 4048 alienissima.
1601 3993 1629 4048 Si
1643 3992 1714 4065 quid
1728 3995 1817 4052 habet

223 4079 305 4146 XVl,
330 4089 362 4132 ut
377 4078 475 4133 Suidas
501 4079 595 4136 tradit.
612 4079 684 4136 Nam
706 4081 803 4152 saepius
817 4079 995 4134 laudaturli-
1041 4079 1204 4151 pretii,hoc
1217 4078 1283 4132 solis
1294 4077 1379 4132 debet
1398 4079 1578 4150 antiquorum
1593 4099 1664 4151 qnos
1682 4085 1817 4139 continet

224 4165 276 4221 ber
302 4163 426 4220 decimus
451 4167 578 4237 quintus;
591 4167 666 4221 unde
685 4176 762 4239 patet
773 4167 859 4220 verba
882 4167 995 4221 Eusebii
1041 4166 1179 4237 reliquiis,
1195 4166 1290 4236 quales
1302 4175 1380 4234 sunt,
1394 4175 1426 4219 ut
1439 4167 1519 4220 simul
1534 4185 1630 4222 omnes
1651 4169 1815 4238 nominem,

224 4251 339 4306 traxisse
356 4253 466 4306 vitium.
484 4254 632 4326 Epitomen
655 4253 737 4324 hujus
756 4255 848 4327 operis
870 4255 914 4308 vel
938 4254 996 4326 ipse
1041 4253 1211 4324 Antigonus,
1226 4253 1411 4322 Antisthenes,
1424 4254 1599 4326 Apollonius,
1610 4255 1816 4324 Callimachus,

1041 4335 1210 4405 Clitarchus,
1239 4339 1383 4407 Craterus,
1418 4339 1609 4410 Dicaearchus,
1637 4339 1816 4410 Dorotheus,

257 4409 290 4469 (⁴)
304 4411 321 4456 Ε
333 4409 790 4474 Ρίῑίθίθῦῐθὓΰῐῑὸθθθίίίῦθίθΰῑῦἃωω
799 4412 861 4475 (ΨΜ
869 4411 996 4462 Eusebium
1045 4425 1214 4490 Eumachus,
1235 4424 1386 4493 Hesiodus,
1402 4425 1489 4478 llicro
1512 4427 1605 4478 nescio
1618 4425 1680 4495 quis
1692 4425 1818 4479 Alexan-

224 4490 348 4608 ffinffi
357 4480 844 4612 {ffifflugffliffssffiggffle
852 4483 997 4612 ggssle'tffi
1043 4509 1140 4564 (lrinus
1153 4511 1209 4564 sive
1222 4511 1371 4582 Ephesius,
1384 4511 1594 4584 Hippostratus,
1608 4508 1817 4583 Megasthenes,

224 4629 275 4665 esse
285 4617 431 4678 Phlegontis,
444 4620 484 4668 sed
492 4620 553 4668 alius
561 4621 665 4669 auctoris
675 4634 706 4670 ex
715 4623 853 4682 comparato
863 4621 998 4682 Phlegontis
1042 4597 1239 4668 The⁰ll⁰¹¹¹lms
1255 4598 1430 4670 8ῙῐίθΡθῐίὸῙὸν
1446 4614 1503 4668 q¹²⁰
1514 4598 1580 4650 ilem
1591 4597 1751 4652 fefeffinlffl'
1765 4617 1819 4670 l‘er

225 4685 308 4746 irsgtn.
322 4687 486 4749 lintelligitur.
495 4689 645 4750 singulorum
655 4691 863 4740 autemdctomm
873 4703 996 4740 recensum
1041 4699 1085 4734 me
1099 4681 1164 4735 licet
1174 4699 1271 4736 versus
1282 4683 1424 4755 Sibyllini,
1437 4683 1539 4754 quihus
1550 4693 1648 4736 auctor
1663 4693 1761 4737 noster
1773 4685 1818 4737 ni·

225 4767 254 4802 ex
265 4755 349 4805 eudem
362 4757 427 4840 sonte
440 4758 557 4840 quebltts
566 4759 684 4820 hauserit,
698 4773 729 4809 ex
736 4773 786 4842 ¹(11¹⁰
800 4759 923 4840 {luterum
932 4763 996 4808 anie·
1041 4767 1080 4820 lril
1100 4769 1178 4840 prius
1191 4768 1291 4843 babet,
1307 4769 1378 4822 nihil
1392 4769 1541 4840 antiquius.
1565 4791 1576 4816 ν
1598 4771 1663 4823 Haec
1684 4769 1819 4824 Wester·

225 4825 341 4876 cedentia.
354 4827 395 4876 ltel
419 4828 532 4877 mdrcmm
551 4829 623 4878 etlam
633 4843 663 4879 es
674 4843 703 4878 eo
712 4831 833 4888 circuens,
847 4829 911 4890 qnod
928 4830 997 4879 Phle-

226 4895 449 4954 gontnttearum
463 4900 992 4964 νοοιιίὟπερασιὲα,ΕυισίνΙυτνοτοὙπερη·
1162 4943 1189 4954 ,.
1290 4943 1295 4953 .
1353 4940 1379 4953 ..
1616 4941 1622 4952 ·
1798 4946 1804 4956 -

227 4967 287 5014 ,ml
300 4967 413 5015 cmm
423 4968 549 5017 3¹,aeme
560 4970 584 5017 ,n
594 4969 924 5032 mympionmwmemdg
935 4983 996 5032 pm,
1041 4960 1104 4996 rum
1123 4941 1246 4996 editione
1260 4940 1435 4997 lllxrabrltbus
1451 4951 1478 4995 et
1493 4943 1637 5014 Longarus
1651 4941 1820 5014 Phlegontis

226 5037 262 5081 ter
272 5033 409 5084 atiosetiurn
425 5037 577 5098 phlegontem
587 5038 722 5087 adhibuisse
731 5051 779 5087 non
789 5051 909 5099 negatum.
1042 5029 1123 5082 etiam
1136 5027 1341 5084 Chroniconrm
1355 5027 1507 5100 fragntenta
1522 5027 1674 5098 subjunxit.

1002 5133 1041 5172 oua

1041 4873 1169 4924 manners,
1183 4855 1231 4926 qui
1246 4856 1275 4908 in
1288 4853 1454 4911 nitidissima
1473 4873 1521 4910 sua
1537 4855 1818 4928 Paradoxographo-
