4004 5736
372 309 443 435 L.
485 293 944 434 LUCULLUS.
988 305 1074 432 M.
1117 303 1190 427 T.
1231 295 1561 448 CICERO.

480 569 552 694 T.
596 555 1515 696 POMPONIUSATTICUS.

817 870 1097 906 ψ-

224 1081 257 1134 L.
278 1081 420 1134 Meuium
435 1075 471 1132 de
492 1077 568 1131 bello
582 1075 700 1131 Marsico
721 1093 810 1150 graece
823 1075 960 1146 scripsisse
1005 1078 1121 1127 strictim
1132 1078 1336 1148 attigisti3post
1349 1085 1456 1140 aanor,
1472 1085 1502 1128 ut
1514 1075 1641 1145 arbitror,
1656 1094 1675 1129 a
1688 1076 1776 1132 Cossi-

187 1167 261 1222 tcstis
274 1177 315 1221 est
328 1165 491 1220 Plutarchus
504 1164 614 1219 Lucull.
628 1181 652 1220 c.
672 1181 682 1216 1
701 1182 708 1216 ι
721 1157 788 1239 Περί
802 1159 848 1234 μὲν
861 1149 905 1216 niis
915 1161 961 1227 τῆς
1005 1165 1053 1216 nio
1065 1165 1210 1234 accepisti;
1223 1179 1301 1233 quem
1321 1162 1373 1216 tibi
1390 1179 1443 1234 ego
1453 1179 1508 1216 non
1520 1180 1606 1217 essem
1617 1183 1700 1218 murts
1710 1171 1776 1219 mit-

186 1249 332 1330 φιλολογίας
344 1250 421 1306 αὐτοῦ
437 1248 501 1326 πρὸς
513 1255 565 1312 τοῖς
575 1239 717 1324 εἰρημένοις
728 1245 773 1303 καὶ
787 1250 869 1302 ταῦτα
884 1244 959 1320 λέγι·
1006 1259 1074 1314 tere,
1104 1252 1158 1300 nisi
1179 1265 1241 1302 eum
1264 1249 1337 1302 lente
1356 1267 1391 1301 ac
1407 1245 1561 1317 fastidiose
1581 1247 1775 1322 probavissem.

186 1359 244 1394 ται·
254 1336 311 1394 νέον
323 1335 384 1393 ὄντα
395 1333 459 1412 πρὸς
470 1332 610 1411 Ὁρτήσιον
620 1323 663 1390 τόν
674 1331 803 1408 δικολόγον
815 1331 861 1389 καί
871 1333 960 1390 zion·
1007 1335 1181 1406 Quamquam
1191 1335 1233 1388 ad
1239 1352 1282 1388 me
1288 1338 1428 1407 rescripsit
1428 1341 1492 1405 jam
1500 1335 1597 1391 Rhodo
1605 1337 1771 1405 Posidonius,

186 1431 233 1480 ves
246 1421 291 1481 τδν
307 1421 434 1501 ίστορικδν
453 1423 483 1478 ἐκ
494 1420 600 1486 παιδιᾶς
610 1441 676 1485 τινος
691 1421 726 1485 εἰς
738 1418 852 1490 σπουδὴν
863 1419 960 1497 προελ-
1004 1437 1034 1474 se
1047 1432 1166 1474 nmtrum
1179 1422 1252 1475 illud
1259 1415 1401 1494 ὑπόμνημα
1414 1439 1495 1493 quum
1509 1423 1623 1494 legeret,
1642 1426 1718 1498 quod
1727 1445 1779 1500 ego

186 1509 278 1581 tolon<
305 1511 479 1586 ὁμολογῆσαι,
504 1506 669 1588 προθεμένων
694 1505 796 1584 ποίημα
819 1506 864 1565 καί
885 1505 960 1583 λόγον
1006 1508 1047 1562 ml
1057 1526 1130 1574 eum,
1145 1508 1451 1562 utornatiusdeiisdem
1461 1507 1683 1578 rebusscriberet,
1697 1517 1777 1567 misc·

186 1595 341 1668 Ἑλληνικόν
350 1619 378 1654 τι
391 1595 437 1654 καὶ
446 1593 608 1672 Ῥωμαϊκόν,
620 1597 656 1660 εἰς
667 1595 717 1654 δτι
728 1593 758 1652 δν
768 1591 840 1672 λαίχῃ
851 1592 961 1666 τούτων,
1006 1611 1079 1660 ram,
1095 1612 1149 1648 non
1161 1595 1241 1648 modo
1252 1610 1306 1648 non
1316 1599 1466 1648 excitatum
1476 1611 1534 1649 esse
1542 1596 1583 1648 ad
1588 1597 1773 1660 scribendum.

185 1681 231 1740 τδν
244 1680 381 1760 Μαρσικὸν
404 1682 511 1739 ἐντενεῖν
530 1682 654 1758 πόλεμον.
678 1679 732 1740 Καί
755 1702 809 1745 πως
829 1677 910 1738 ἔοικεν
927 1681 962 1745 εἰς
1005 1682 1056 1734 scd
1067 1687 1152 1736 etiam
1163 1684 1251 1755 plane
1263 1682 1432 1736 deterritum.
1450 1681 1527 1751 Quid
1534 1685 1659 1753 qnaeris?
1671 1698 1778 1740 contur-

186 1769 263 1844 λόγον
274 1765 428 1838 Ἑλληνικὸν
442 1769 456 1826 δ
469 1769 563 1846 κλῆρος
577 1767 729 1843 ἀφικέσθαι·
744 1767 898 1833 διασώζεται
911 1763 961 1844 γὰρ
1007 1769 1070 1822 bavi
1088 1770 1215 1824 Grcccam
1230 1773 1379 1822 nationem.
1396 1770 1445 1822 lta
1461 1769 1547 1840 vulgo
1560 1775 1606 1842 qui
1623 1774 1773 1840 instabant,

187 1851 332 1926 Ἑλληνική
357 1876 395 1920 τις
417 1853 519 1933 ἱστορία
538 1859 583 1912 τοῦ
610 1857 747 1934 Μαρσικοῦ
760 1851 896 1930 πολέμου.
919 1853 961 1911 Cf.
1006 1866 1037 1908 ut
1049 1856 1146 1910 darem
1161 1855 1216 1908 sibi
1228 1855 1304 1926 quod
1314 1867 1455 1920 ornarent,
1475 1861 1540 1925 jam
1559 1856 1690 1912 exhibere
1708 1859 1781 1914 milri

186 1943 286 1998 Cicero
301 1942 487 2012 κάλπισι,
503 1961 548 2016 19.
1007 1942 1160 1996 molestiam
1177 1942 1348 1996 destitemnt.
1371 1942 1411 1994 Tu
1431 1946 1457 1994 si
1477 1943 1527 1996 tibi
1540 1945 1680 2016 placuerit
1698 1947 1774 2010 liber,

229 2030 273 2084 M.
297 2031 329 2086 T.
352 2028 448 2085 Cicero
468 2048 574 2104 graecos
593 2033 635 2086 De
650 2030 797 2086 consulatu
815 2048 865 2084 suo
886 2048 962 2086 com÷
1007 2029 1116 2084 carabis
1135 2039 1164 2082 ut
1176 2039 1206 2082 et
1216 2025 1334 2082 Athenis
1343 2033 1382 2080 sit
1393 2040 1423 2082 et
1434 2033 1461 2080 in
1472 2034 1567 2083 ceteris
1577 2033 1688 2104 oppidis
1703 2033 1781 2087 Gnoe-

189 2118 342 2172 usentarios
359 2118 527 2190 composuit.
542 2118 598 2174 Cic.
619 2119 672 2190 Ep.
687 2117 724 2172 sd
744 2118 828 2174 Attic.
845 2117 871 2184 l,
897 2135 931 2190 ¹9
954 2135 960 2169 :
1007 2119 1071 2170 cioe.
1087 2117 1203 2170 Videtur
1213 2119 1287 2169 enim
1301 2131 1384 2190 posse
1395 2116 1506 2188 aliquid
1514 2122 1614 2172 narnis
1623 2119 1703 2174 rebus
1716 2121 1783 2174 lucis
1834 2157 1837 2162 -

188 2205 423 2260 commentarium
437 2205 592 2258 consulatus
608 2209 663 2259 mei
681 2221 774 2276 grace
786 2207 963 2276 compositum
1007 2197 1124 2270 afferre.

188 2295 253 2344 misi
266 2293 307 2343 nd
317 2301 354 2346 te.
366 2293 402 2344 In
412 2308 465 2364 quo
476 2295 501 2344 si
513 2292 583 2364 qnid
590 2295 655 2358 erit,
672 2292 746 2363 quad
756 2289 863 2344 lsomini
874 2291 964 2344 Attico
1047 2290 1219 2344 Mentioucm
1234 2286 1317 2360 hujus
1329 2289 1523 2344 commentarii
1539 2289 1606 2344 iecit
1619 2292 1784 2349 Plutarchus

187 2383 280 2432 minus
291 2395 413 2452 gracum
425 2377 614 2449 emditumque
627 2379 764 2442 videatnr,
783 2395 838 2432 non
854 2378 960 2444 dicam,
1008 2377 1074 2434 Caes.
1089 2395 1113 2432 c.
1130 2375 1148 2430 8
1165 2393 1172 2432 :
1189 2373 1318 2452 iliricum,
1333 2375 1442 2448 inquit,
1458 2375 1514 2450 (sc.
1529 2395 1617 2450 quum
1635 2381 1784 2435 Lentulum

186 2465 264 2538 qinod
272 2461 340 2533 tibi,
353 2468 499 2537 mopiam,
516 2465 651 2518 Panormi
664 2465 792 2518 anullm
803 2465 837 2517 de
849 2469 907 2518 snis
917 2463 964 2517 ln'-
1009 2473 1037 2516 ct
1048 2462 1201 2536 Cethegum
1213 2461 1335 2516 Catilinae
1351 2462 1442 2516 socios
1453 2460 1604 2518 defendere
1617 2476 1735 2521 conatus
1745 2486 1783 2522 cs·

186 2539 278 2604 sconii
290 2550 416 2616 dixerat,
433 2567 477 2618 se,
492 2569 546 2622 quo
554 2547 676 2620 facilius
689 2551 753 2604 illas
759 2551 893 2623 probaret
906 2550 964 2604 tto-
1008 2549 1062 2623 set)
1075 2550 1120 2616 τῆς
1129 2547 1223 2624 βουλῆς
1232 2543 1322 2614 ἐξιόντι
1333 2544 1425 2609 πολλοὶ
1433 2547 1485 2603 τῶν
1496 2545 1633 2626 Κικέρωνα
1645 2549 1785 2630 φρουρούν-

188 2643 268 2690 mani
276 2635 395 2690 hominis
408 2653 479 2702 esse,
495 2636 598 2690 idcirco
609 2636 730 2690 barbara
743 2637 871 2709 quadam
881 2629 963 2690 etci-
1010 2655 1060 2690 των
1073 2633 1132 2690 τότε
1152 2631 1216 2690 νέων
1237 2630 1323 2710 γυμνὰ
1336 2630 1369 2689 cli
1384 2629 1443 2711 ξίφη
1458 2633 1646 2710 συνδραμόντες
1662 2635 1782 2716 ἐπίαχον.

187 2723 265 2778 λοικα
282 2724 463 2796 dispersisse:
478 2723 557 2794 apud
569 2741 613 2776 me
631 2728 656 2777 si
669 2724 735 2796 qnid
747 2727 800 2777 erit
814 2722 958 2792 ejusmodi,
1010 2718 1088 2778 Ἀλλδ
1112 2718 1230 2798 Κουρίων
1250 2717 1308 2776 τότι
1321 2717 1426 2793 λέγεται
1446 2722 1479 2798 τῇ
1501 2717 1617 2800 ποόόννιρ
1635 2721 1785 2801 πιριδαλὼν

189 2829 235 2866 me
245 2810 417 2884 imprudente
428 2815 482 2864 erit
491 2820 518 2864 et
529 2815 623 2866 insito.
640 2812 769 2866 Latinum
780 2813 804 2863 si
806 2807 961 2882 perfecero,
1010 2805 1188 2884 ὑπεξαγαγεῖν,
1199 2803 1274 2870 αὐτός
1284 2807 1336 2864 τιό
1350 2806 1477 2883 Κικέρων,
1485 2808 1519 2871 ὡς
1530 2807 1553 2864 ol
1562 2806 1691 2866 νεανίσκοι
1705 2831 1785 2887 προσ·

188 2899 232 2951 ad
243 2909 270 2951 te
284 2901 404 2951 mittam.
1009 2892 1131 2973 ίόλεψαν,
1146 2895 1299 2963 ἀνανεῦσαι,
1313 2890 1433 2972 ροόηθελς
1446 2891 1489 2950 τὸν
1511 2893 1602 2967 δῆμον,
1616 2891 1634 2964 ἢ
1652 2893 1696 2952 τδν
1709 2894 1784 2975 φόνον

231 2983 311 3038 Idem
327 2982 396 3037 ibid.
416 2983 459 3048 ll,
487 2999 498 3036 1
525 3002 531 3036 :
554 2983 620 3040 Kal.
641 2985 707 3040 lun.
722 2981 783 3058 (an.
808 2982 864 3056 694
881 3000 908 3041 a.
922 2977 964 3056 u.)
1009 2979 1075 3048 ὅλως
1091 2979 1178 3039 ἄδικον
1192 2977 1238 3038 καί
1252 2977 1401 3058 παράνομον
1412 2977 1564 3055 ἡγούμενος.
1579 2983 1665 3040 Τοῦτο
1676 2980 1723 3058 μὲν
1741 2973 1786 3040 οὖν

188 3076 267 3125 eunti
276 3069 348 3124 milri
357 3072 470 3124 Antium
481 3082 510 3124 et
515 3071 687 3142 gladiatores
695 3071 739 3128 M.
747 3072 858 3136 Metelli
867 3070 966 3142 cupide
1010 3071 1056 3130 οὐκ
1069 3059 1126 3128 οἶδα
1139 3067 1208 3134 ὅπως
1218 3070 1233 3125 ό
1244 3065 1373 3146 Κικίρων,
1386 3065 1458 3144 είιιιρ
1466 3057 1498 3138 ἦν
1509 3066 1619 3144 ἀληθὲς,
1633 3070 1660 3126 όν
1670 3071 1708 3148 τῷ
1720 3070 1785 3148 Περὶ

189 3159 366 3230 relinquenti,
383 3161 462 3211 venit
473 3156 578 3211 obviam
588 3169 745 3230 muspner:
756 3163 780 3211 is
789 3156 860 3210 milri
872 3157 967 3210 literas
1010 3160 1056 3228 τῆς
1069 3154 1194 3222 ὑπατείας
1208 3155 1254 3214 οιίκ
1265 3153 1387 3235 όγραψσν.

189 3243 279 3298 abste
288 3253 317 3297 et
326 3249 550 3298 commentarium
561 3246 718 3298 consulatus
731 3249 786 3300 mei
795 3262 887 3318 groece
897 3249 966 3306 scri·¹
1054 3247 1085 3300 Τ.
1102 3246 1282 3318 Pomponium
1294 3247 1416 3298 Atticum
1430 3244 1495 3299 item
1513 3241 1549 3298 de
1563 3244 1704 3300 Ciceronis
1717 3263 1787 3300 con·

170 3403 174 3410 ¹
187 3341 268 3402 ptum
278 3331 420 3384 reddidit:
434 3335 463 3385 in
474 3350 527 3404 quo
539 3333 650 3386 laetatus
661 3351 732 3400 sum,
747 3333 891 3404 aliquanto
902 3342 967 3385 ante
1011 3333 1101 3388 sulatu
1112 3350 1201 3406 grece
1212 3332 1350 3404 scripsisse
1366 3349 1400 3386 ex
1412 3331 1471 3388 Cic.
1486 3327 1539 3404 Ep.
1553 3332 1596 3398 11,
1614 3350 1624 3385 ι
1643 3331 1732 3388 modo
1744 3333 1786 3386 vi-

189 3419 228 3472 de
237 3418 335 3480 iisdem
344 3417 424 3472 rebus
433 3436 526 3490 groece
537 3423 601 3474 item
610 3423 738 3493 scriptum
749 3420 847 3474 librum
858 3421 891 3478 L.
902 3418 966 3473 Cos·
1012 3420 1112 3476 dimus.
1132 3417 1215 3474 Adde
1230 3417 1325 3473 locum
1345 3418 1465 3473 Cornelii
1479 3418 1594 3491 Nepotis
1607 3419 1636 3472 in
1656 3420 1711 3474 vit.
1727 3422 1784 3476 Ati.

189 3507 262 3557 sinin
277 3504 317 3556 ad
330 3514 356 3557 te
364 3500 560 3576 perferendum
574 3506 693 3564 dedisse.
708 3507 784 3562 Nam
795 3511 821 3561 si
829 3525 879 3581 ego
892 3517 966 3560 tuum
1013 3527 1039 3564 c.
1060 3505 1094 3560 18
1110 3525 1117 3560 ε
1134 3506 1185 3559 Est
1203 3509 1288 3558 etiam
1304 3522 1373 3557 unus
1389 3503 1459 3558 liber
1475 3501 1596 3582 (Attici)
1615 3522 1709 3576 gra-,ce
1722 3523 1787 3560 con·

191 3600 259 3644 ante
274 3590 414 3662 legissem,
429 3587 559 3660 suramm
581 3610 625 3648 me
641 3589 693 3647 abs
712 3603 738 3647 te
758 3611 816 3647 esse
832 3593 936 3646 diceres
956 3611 966 3644 .·
1010 3591 1110 3656 fectus,
1127 3593 1163 3644 de
1176 3593 1319 3646 consulatu
1334 3590 1484 3646 Ciceronis.

191 3693 361 3749 quamquam
375 3687 422 3731 tua
436 3678 486 3732 illa
501 3677 575 3753 (legi
586 3683 660 3733 enim
679 3677 809 3754 libenter)
825 3677 968 3734 horridula

192 3762 266 3816 milri
285 3775 368 3836 atquc
387 3769 525 3839 incompta
545 3771 608 3820 uisa
623 3767 772 3821 sunt:sed
783 3778 876 3820 tamen
889 3777 969 3820 erant
998 3749 1006 3768 ’
1053 3768 1188 3822 preterca
1209 3766 1282 3822 intes
1301 3766 1460 3838 Romanos,
1477 3765 1526 3837 qui
1547 3781 1638 3838 graeco
1658 3781 1787 3820 sermone

192 3849 358 3906 anatoliae
373 3856 442 3925 ipso,
459 3854 534 3926 quod
544 3855 912 3928 ornamentaneglenerant‚
924 3863 962 3918 ct,
1013 3854 1172 3926 scripserint
1186 3852 1346 3920 historiam,
1360 3853 1472 3908 Vossius
1483 3870 1515 3924 p.
1532 3868 1588 3905 uos
1600 3861 1724 3906 recenset
1752 3853 1784 3906 L.

192 3947 224 3990 nt
239 3937 379 4004 mulieres,
396 3939 458 3994 ideo
476 3940 544 3993 bene
556 3942 640 4008 olere,
664 3941 738 4013 quad
749 3940 826 3994 nilril
840 3940 965 4006 olebant,
1014 3941 1226 3994 Aurunculeium
1239 3939 1359 4005 Cottam,
1376 3956 1461 4011 quem
1472 3935 1569 3992 laudet
1578 3937 1723 3992 Athenaeus
1735 3938 1785 4002 Vl,

193 4019 374 4081 videbantur.
383 4025 466 4081 Meas
476 4039 567 4082 autem
580 4029 739 4083 l'bcrtotum
752 4031 882 4082 Isocratis
891 4046 968 4104 μυρο·
1013 4045 1044 4099 p.
1061 4025 1133 4095 273,
1147 4025 1179 4094 B,
1192 4023 1219 4080 ts
1233 4025 1270 4101 τῷ
1285 4023 1352 4101 Περὶ
1365 4025 1411 4092 τῆς
1426 4019 1566 4096 Ῥωμαίων
1576 4019 1720 4092 πολιτείας,
1733 4021 1785 4078 ad..

193 4105 297 4179 διίκιον,
311 4122 395 4184 atque
414 4131 508 4168 omnes
527 4120 586 4184 eJ'us
598 4115 793 4188 discipulorum
812 4116 922 4169 arculas
935 4133 969 4168 ac
1015 4113 1084 4169 dens
1099 4114 1237 4186 scripsisse
1256 4129 1321 4166 eum
1339 4111 1365 4166 ts
1379 4111 1412 4186 τῇ
1425 4105 1527 4190 πατρίῳ
1541 4110 1629 4184 ἡμῶν
1651 4109 1734 4185 φωνῇ,
1750 4111 1787 4162 At

193 4196 327 4250 nonnihil
338 4202 422 4253 etiarn
446 4202 604 4256 Aristotelia
619 4206 766 4278 pigmenta
778 4207 943 4276 consumpsit
959 4221 968 4254 .·
1014 4219 1072 4255 non
1084 4197 1281 4254 animadvertit
1293 4199 1404 4254 Vossius
1415 4197 1501 4252 verba
1514 4197 1561 4252 illa
1579 4215 1636 4252 esse
1647 4197 1780 4258 Lareosii,

194 4299 276 4355 quem
290 4294 319 4337 tu
333 4283 472 4356 Corcyra,
499 4299 528 4342 ut
540 4287 612 4342 milii
625 4289 690 4344 aliis
704 4290 788 4344 literis
808 4289 966 4362 significas,
1015 4289 1132 4342 Romani
1144 4286 1273 4341 hominis.
