4004 5736
237 347 290 397 stu
929 327 1139 388 TlhthllNlS

232 489 295 526 rum
308 487 372 524 curu
387 463 579 522 Alexandrino
594 461 715 518 eundem
730 477 786 516 esse
804 461 899 516 statuit
913 461 1007 515 Rosia·
1092 470 1180 542 igitur
1197 470 1370 542 Timagenes,
1391 470 1461 544 regii
1475 471 1625 543 argentarii
1640 468 1728 540 lilius,
1752 485 1835 532 natus

231 575 311 630 tityrus
326 557 346 613 l.
363 556 400 623 l.,
413 571 498 626 quem
506 552 632 624 sequitur
646 549 868 606 Sento-Crucius
884 547 1005 623 (Erum.
1052 555 1134 610 suerit
1153 554 1262 630 (go-75
1277 575 1302 613 a,
1317 557 1348 612 c,
1358 555 1385 630 i)
1404 557 1432 610 ῑῃ
1445 557 1531 629 syria
1544 555 1665 631 oppido,
1680 561 1761 614 Ἠῑῃς
1772 572 1832 616 stu.

231 645 451 702 rl.irist.d'Ales.
462 660 492 713 p.
503 639 540 696 55
551 639 571 715 ).
583 637 934 712 ht·gumentttmsentenlite
940 635 1007 690 inde
1052 641 1167 698 diorum
1188 661 1269 698 causa
1283 661 1311 698 se
1325 643 1478 699 contulerit
1497 643 1707 706 Alexandriam.
1730 649 1829 720 Expu-

229 731 343 803 petlvil,
354 727 434 802 quod
444 727 542 783 Suidas
551 727 730 800 Timagenem
740 725 815 780 diem
829 723 929 778 obiisse
938 739 1006 796 pto·
1051 739 1134 803 gnata
1145 731 1217 786 urhe
1228 732 1355 804 captivus
1365 731 1441 786 venit
1452 733 1573 786 Romam
1587 729 1641 806 (55
1655 751 1680 788 a,
1692 733 1747 808 0,),
1761 737 1831 806 Qnae

229 818 271 872 elit
284 817 311 873 lu
321 812 435 892 Δαόἄνῳ
450 811 718 892 (incutienda).
730 813 819 882 Quem
833 809 928 865 locum
942 828 1005 864 cum
1050 816 1183 891 deinceps
1197 816 1234 873 de
1248 817 1310 873 latis
1322 817 1381 889 ejus
1399 817 1583 891 moribusque
1599 819 1698 875 Suidas
1714 821 1830 892 subjun-

229 905 326 960 Vossio
343 902 433 979 (illst.
443 919 486 976 gr.
498 917 529 974 p.
546 895 616 974 197)
630 899 887 974 assiguatOSroenae
896 897 1006 970 regium
1049 904 1105 978 git,
1120 922 1153 959 ea
1167 906 1279 982 egregie
1296 905 1463 978 supplentur
1473 907 1635 962 narratione
1647 909 1758 964 Senecae
1770 920 1828 965 tum

228 992 444 1066 Mesopotamiae.
461 991 524 1044 llnc
537 989 623 1063 igitur
634 1005 722 1060 quum
736 987 899 1058 Timagenes
911 985 1006 1038 relicta
1049 991 1135 1065 patris
1146 1000 1206 1049 tum
1216 989 1276 1048 filii,
1289 993 1336 1048 En
1346 1010 1416 1048 vero
1428 993 1486 1048 1120
1503 1013 1509 1048 :

227 1080 307 1134 Italia
325 1097 354 1133 se
369 1077 529 1150 recepisset,
547 1073 678 1129 accidisse
695 1071 1005 1146 utSymsaPlutarcho
1089 1077 1193 1134 seneca
1215 1079 1350 1135 Comme,
1374 1078 1410 1146 34
1435 1096 1443 1136 ς
1468 1081 1553 1154 Soepe
1573 1081 1681 1135 uolebat
1704 1078 1830 1154 (Asinius

227 1167 283 1221 «tici
293 1177 385 1240 posset
397 1165 441 1240 Γ).
455 1169 492 1219 At
501 1179 620 1237 parrum
634 1160 707 1216 istud
716 1161 856 1216 Osroeues
863 1159 1005 1214 castellum
1049 1161 1152 1241 Pollio)
1167 1167 1245 1240 apud
1258 1167 1398 1222 Caesurem
1411 1185 1474 1223 cum
1500 1169 1650 1243 Timagene
1665 1169 1825 1243 confligere,

225 1256 308 1308 aseri
329 1253 443 1308 demum
463 1253 512 1305 sevi
526 1250 711 1324 scriptoribus
729 1257 931 1314 memoratum,
945 1264 1005 1300 non
1049 1251 1264 1310 hominencidte
1278 1255 1480 1329 linguoeetqui
1492 1260 1575 1311 nimis
1589 1253 1832 1330 libererat:puto

227 1342 306 1396 audit
319 1336 439 1397 attam
459 1340 504 1394 vel
520 1334 654 1404 Δάὂανος,
676 1335 725 1416 secl
745 1331 813 1408 (τὰ)
827 1331 937 1392 Atium
959 1333 1005 1388 vel
1048 1341 1182 1413 quindiu
1194 1359 1249 1397 non
1259 1339 1412 1412 suerntee
1431 1347 1538 1416 captiuo
1557 1361 1668 1416 οοᾳιιω,
1694 1361 1733 1398 ee
1746 1363 1831 1418 cuque

227 1425 348 1484 Λὶὅᾶναι
360 1447 405 1502 ap.
420 1427 541 1498 procop.
558 1427 600 1480 De
611 1422 665 1482 πᾶ.
677 1425 704 1478 ll
710 1461 718 1492 ,
732 1427 788 1487 [rel
798 1423 887 1481 Nolll.
902 1422 1003 1493 imper.
1049 1430 1216 1496 lecticarius,
1234 1448 1273 1484 η·
1290 1431 1428 1484 lecticario
1442 1448 1525 1503 usque
1540 1423 1746 1487 Mummiam
1761 1433 1829 1486 Car.

226 1517 334 1576 0rient.
356 1535 382 1574 c.
400 1515 448 1590 33,
469 1514 533 1570 coll.
557 1513 696 1568 Ammian.
718 1510 842 1566 Marcell.
860 1509 950 1582 Xlll,
973 1524 1001 1565 a.
1046 1513 1211 1586 sarisfhiir.
1229 1518 1321 1592 lisque
1340 1535 1373 1573 eo
1394 1515 1693 1591 utramquesortunam
1708 1531 1828 1576 mmm.

226 1605 372 1678 Forbiger,
387 1605 445 1660 Ais.
458 1603 559 1676 Geogr.
571 1609 640 1656 tom.
649 1599 694 1668 11,
707 1615 736 1672 p.
749 1595 817 1654 635.
831 1595 940 1653 Deinde
952 1611 1004 1650 811-
1044 1608 1115 1682 psit,
1130 1616 1158 1659 et
1172 1609 1202 1660 in
1214 1623 1270 1678 qua
1289 1617 1389 1660 enitet
1402 1609 1432 1660 in
1442 1603 1617 1680 quufirerat,
1633 1618 1672 1674 ut,
1690 1625 1772 1680 quum
1784 1609 1830 1662 iili

225 1701 282 1745 tem
295 1687 383 1764 quum
395 1691 558 1763 Timagenes
572 1692 601 1740 in
612 1686 788 1740 conhibentia
797 1687 888 1738 Att'ttt't'
897 1683 1004 1738 Pollio-
1047 1691 1141 1744 multis
1152 1691 1188 1746 de
1206 1694 1296 1745 caruis
1309 1696 1395 1746 imme
1413 1689 1510 1746 Coesar
1525 1693 1715 1746 interdixisset
1729 1693 1827 1763 dome,

189 1820 195 1830 .
225 1783 268 1833 uis
280 1773 452 1833 consenuisse
464 1775 648 1850 perhibeatur
667 1773 713 1848 (v.
729 1767 903 1846 inira),'nec
921 1787 1002 1824 causa
1045 1777 1365 1834 oembumnrhismrr'am
1376 1780 1511 1835 remmab
1523 1781 1573 1834 illo
1582 1787 1830 1856 gestarum,quasr'

224 1865 296 1922 adsit
314 1884 366 1920 cur
376 1883 470 1920 senem
486 1861 664 1935 decrepitum
684 1859 721 1914 ad
738 1859 850 1914 ultimas
863 1869 1003 1913 terrarum
1045 1870 1148 1939 etipse
1163 1868 1331 1940 ttttingento
1349 1885 1399 1923 suo
1413 1868 1598 1935 interdiceret,
1616 1869 1735 1922 disertus
1745 1868 1830 1924 homo

225 1953 303 2008 orbis
315 1953 410 2028 plagas
428 1953 582 2025 relegatum
595 1959 738 2022 putemus,
757 1947 816 2000 imo
833 1961 1002 2018 recoquunt
1046 1965 1075 2006 et
1084 1953 1186 2020 diens,
1203 1971 1223 2007 a
1236 1973 1288 2026 quo
1299 1955 1387 2009 mtrltu
1401 1955 1536 2028 improbe,
1552 1955 1604 2008 scd
1612 1965 1727 2010 uenuste
1738 1957 1825 2011 dictu.

225 2040 328 2112 quade
336 2032 732 2113 morusgenereaccumteiab
741 2035 836 2089 Asinio
844 2029 1000 2104 Pollioneil
1086 2039 1188 2095 Seneca
1196 2041 1239 2095 De
1251 2041 1293 2095 ira
1306 2041 1365 2110 111,
1379 2039 1415 2096 23
1430 2060 1438 2098 r
1454 2043 1549 2096 Multa
1563 2053 1593 2096 et
1601 2042 1679 2095 diuus
1690 2047 1829 2115 Auginum

224 2127 385 2194 traduntur,
400 2129 494 2182 sirum
506 2128 580 2180 inter
590 2125 695 2180 amicos
706 2123 801 2196 potius
815 2121 1002 2194 exspirantem
1044 2125 1135 2198 dignu
1153 2133 1287 2182 memoria
1301 2126 1380 2199 secit
1397 2131 1533 2202 dixitque,
1558 2131 1711 2204 segnibus
1734 2149 1825 2205 appa.

223 2233 340 2289 arguere
356 2215 506 2270 videantur
527 2212 674 2268 :dubitari
692 2211 738 2264 rix
752 2217 861 2283 potest,
882 2208 952 2280 quin
972 2208 1003 2261 in
1045 2214 1158 2268 rentillt'
1166 2219 1238 2268 iram
1245 2219 1463 2292 nonimperusse.
1476 2217 1641 2290 T'iruagenes
1649 2217 1828 2277 historiarum

223 2304 302 2361 tutta
309 2305 474 2377 Timagenes
482 2303 539 2356 vita
550 2300 662 2354 iunctus
669 2299 714 2366 sit,
725 2295 803 2370 apud
811 2295 924 2352 Suidam
932 2313 1000 2351 vero
1044 2305 1162 2374 scriptor
1173 2303 1302 2374 quoedum
1313 2308 1342 2356 in
1355 2309 1451 2376 ipsum,
1466 2305 1596 2378 quredam
1608 2309 1637 2359 in
1647 2323 1760 2362 wotene
1767 2313 1828 2378 ejus·

223 2391 369 2446 Rubenius
385 2389 435 2464 (ad
447 2390 545 2444 Senes.
561 2390 605 2442 De
622 2388 664 2441 ira
675 2387 733 2453 Ill,
747 2381 803 2459 23)
817 2393 845 2439 et
859 2384 1002 2438 Hemster-
1044 2399 1074 2441 et
1089 2392 1118 2441 in
1135 2399 1220 2442 totam
1231 2389 1342 2444 domum
1359 2392 1483 2458 dixerat,
1500 2409 1550 2446 nec
1561 2393 1722 2466 perdiderat
1734 2395 1824 2460 dicta,-

223 2478 319 2534 husius
329 2496 384 2551 pro
401 2472 524 2553 austun
537 2475 687 2530 rectissime
700 2471 881 2546 reposuerint
902 2465 1002 2526 mttt·
1045 2479 1135 2546 magis
1147 2480 1220 2530 enim
1230 2473 1422 2546 circumfertur
1434 2491 1461 2533 et
1474 2482 1557 2534 inore
1571 2479 1714 2536 homiuum
1727 2493 1769 2535 est
1785 2495 1827 2536 te-

223 2585 259 2642 νῳ
275 2561 334 2638 (⁸¹).
349 2563 390 2621 Cf.
401 2567 494 2637 Toup.
504 2561 613 2618 Enrend
634 2563 678 2628 ll,
693 2579 723 2634 p.
738 2557 1002 2632 maniniocum
1045 2559 1327 2621 meruriaurbanitas.
1337 2565 1504 2639 Serpentum
1513 2565 1823 2644 Cessarmonuitutmo·

224 2655 325 2726 Syriun
334 2655 514 2727 Timagenem
525 2669 584 2706 non
594 2649 796 2724 sejungendum
808 2663 865 2703 esse
876 2649 1002 2720 suspicor
1044 2651 1167 2705 der-atius
1175 2653 1271 2724 lingua
1282 2663 1403 2708 uteretur
1413 2673 1423 2707 :
1429 2660 1617 2728 perseceranti
1626 2657 1708 2710 domo
1717 2675 1769 2710 suu
1780 2661 1825 2711 in-

223 2741 259 2798 ab
272 2759 322 2810 eo,
333 2743 381 2814 qui
394 2750 492 2814 captus
504 2749 545 2795 est
555 2738 742 2795 Alexandriae.
755 2737 840 2810 Syrie
855 2735 1000 2790 historiam
1044 2739 1163 2796 terdieit.
1176 2741 1278 2796 Postea
1292 2738 1457 2816 Timagenes
1468 2744 1677 2799 incontubemio
1690 2745 1826 2800 Pollionis

223 2847 239 2885 u
257 2829 407 2902 Timagene
420 2837 549 2884 accurate
570 2837 715 2882 tractatam
733 2843 789 2880 esse
808 2824 853 2878 vel
864 2825 1000 2897 peculiari
1043 2830 1136 2882 Asinii
1144 2834 1291 2896 conmnrrit,
1302 2836 1521 2886 acrotociuitute
1529 2833 1826 2891 dilectusest:nullum

222 2917 326 2990 scripto
336 2916 379 2970 rel
388 2917 419 2970 in
425 2915 524 2988 majori
533 2915 629 2988 aliquo
639 2914 819 2969 historiarum
827 2931 914 2986 opere
924 2923 1002 2986 patet
1044 2915 1090 2969 illi
1093 2917 1187 2970 'limen
1192 2918 1336 2990 praeclusa
1350 2917 1474 2973 Coesaris
1484 2919 1581 2973 domus
1592 2919 1716 2977 abstulit.
1733 2922 1825 2977 Histo-

223 3021 256 3057 ex
266 3003 426 3078 fragmentis
437 3011 466 3068 l.
480 3001 507 3062 5.
519 3002 537 3059 6
551 3001 602 3078 (ex
613 3002 737 3076 losepho
746 2999 766 3076 ).
778 3000 886 3056 Eodem
895 2999 1001 3056 referre
1040 3006 1102 3058 rias
1111 3016 1211 3078 postea
1230 3023 1300 3078 quus
1310 3011 1469 3079 tempserat,
1488 3011 1612 3062 recitarit
1623 3019 1652 3062 et
1663 3009 1820 3077 combussit,

221 3091 287 3146 licet
296 3109 358 3163 quae
368 3090 403 3144 lr.
413 3109 430 3145 a
441 3091 572 3164 leguntur
581 3089 618 3144 de
627 3089 805 3162 Milyensium
814 3087 939 3161 regione,
949 3105 1001 3161 per
1043 3101 1072 3144 et
1083 3091 1165 3146 libros
1182 3103 1248 3147 ncta
1262 3091 1381 3147 Coesuris
1394 3099 1562 3150 continentes
1575 3099 1605 3148 in
1619 3099 1711 3168 ignem
1721 3103 1825 3170 posuit.

222 3177 337 3250 longum
350 3187 459 3250 tempus
475 3177 611 3249 Syrorum
622 3194 721 3250 regum
733 3175 853 3248 imperio
867 3175 1001 3246 subjectu.
1045 3179 1214 3233 Inimicitias
1234 3183 1318 3254 gestit
1339 3199 1400 3235 cum
1423 3181 1553 3248 Cretum
1570 3199 1652 3237 nemu
1670 3189 1825 3240 urrricitiam

222 3265 306 3318 Hune
321 3281 390 3319 vero
407 3265 585 3338 Timagenem
605 3281 659 3318 esse
675 3263 725 3334 qui
742 3262 869 3335 Pompeii
885 3271 915 3316 et
927 3264 1001 3317 inse-
1043 3270 1103 3334 ejus
1113 3270 1252 3334 extimuit,
1269 3273 1441 3341 nemoquust'
1452 3265 1572 3341 fulgure
1589 3275 1672 3325 ictum
1689 3268 1818 3346 refugit.-

221 3351 372 3423 quentibus
380 3351 556 3425 temporibus
566 3351 650 3420 vixit,
664 3350 756 3404 innuit
771 3349 806 3406 ir.
831 3347 862 3417 3,
884 3348 935 3402 ubi
949 3351 1001 3405 Ca·
1035 3349 1367 3428 fuitquiproeberettam
1378 3357 1662 3414 nltecadcntisinum.
1678 3359 1753 3413 Tulit
1761 3359 1819 3427 tor,

221 3438 289 3493 steri
306 3436 434 3510 jungitur
448 3446 475 3492 et
490 3437 607 3492 Nicolao
624 3439 809 3492 Damascene.
831 3435 921 3490 Porro
931 3435 966 3492 ir.
983 3443 997 3502 i,
1043 3451 1074 3493 ut
1083 3441 1144 3494 diri
1149 3481 1157 3509 ,
1169 3438 1269 3496 Caesar
1273 3447 1420 3516 pasienter,
1441 3445 1635 3517 necequidem
1646 3458 1740 3514 motus,
1755 3451 1831 3520 quod

222 3525 379 3598 Timagenis
397 3525 503 3579 mentio
520 3523 556 3579 de
571 3543 603 3579 re
617 3523 653 3579 acl
674 3523 783 3596 Syriam
800 3524 958 3596 pertinente
969 3522 1001 3577 lit
1045 3519 1170 3574 laudibus
1179 3524 1237 3574 suis
1245 3521 1470 3594 mbuspuegestis
1480 3541 1579 3578 manus
1589 3525 1732 3579 attulerat.
1747 3527 1823 3580 Nun·

222 3629 257 3665 cx
279 3611 425 3666 Strabonis
447 3629 534 3685 opere
553 3629 628 3666 nunc
653 3609 811 3684 deperdito.
834 3611 999 3666 Strabonem
1043 3625 1126 3679 quum
1148 3625 1208 3662 cum
1222 3605 1332 3681 hospite
1353 3613 1460 3664 inimici
1473 3621 1582 3683 questus
1595 3623 1635 3666 est
1645 3631 1664 3664 -:
1681 3611 1735 3666 hoc
1752 3614 1823 3667 dun·

169 3698 173 3705 '
223 3716 290 3752 rer-o
304 3717 394 3760 unum
408 3709 517 3754 tantum
531 3701 711 3773 Timagenem
724 3699 754 3750 in
768 3696 847 3752 libris
867 3699 922 3752 suis
936 3699 999 3752 lau·
1044 3705 1126 3750 taxat
1139 3697 1262 3752 Pollioni
1280 3697 1377 3754 Asinio
1394 3698 1476 3764 dicit,
1503 3699 1688 3777 θηριοτροφεῖς.
1708 3701 1831 3756 Puruntr'

223 3785 300 3840 classe
312 3786 377 3841 inde
387 3787 510 3861 colligas,
522 3785 601 3859 quod
610 3787 640 3839 in
648 3784 848 3858 Geographicis
857 3785 1001 3840 Strabonis
1043 3782 1145 3836 deinde
1156 3783 1482 3846 excusationemohrtitit,
1499 3797 1527 3840 et
1542 3809 1554 3834 r
1564 3788 1675 3855 fruere,
1694 3809 1707 3834 ι
1725 3792 1819 3860 inquit,

223 3882 268 3944 (v.
292 3873 325 3928 ir.
347 3873 386 3948 9)
408 3875 571 3948 simpliciter
594 3874 696 3929 citatur
718 3871 896 3946 Timagenes,
920 3873 1000 3926 nullo
1047 3891 1059 3918 r
1078 3873 1118 3923 mi
1128 3869 1232 3935 Pollio,
1241 3867 1351 3940 struere.
1372 3873 1437 3926 ”Et
1448 3891 1531 3945 quum
1545 3873 1639 3932 Pollio
1652 3875 1757 3928 diceret
1770 3893 1780 3927 :
1793 3877 1825 3929 Si

221 3959 320 4033 addito
333 3961 457 4034 indicio,
470 3981 527 4035 quo
539 3963 615 4016 hunc
627 3961 727 4016 abalio
741 3959 866 4032 ejusdem
879 3961 1000 4014 nominis
1038 3956 1130 4024 jubes,
1151 3955 1254 4022 Coesnr,
1278 3962 1371 4012 statim
1393 3961 1437 4016 itti·
1458 3961 1540 4016 doum
1559 3979 1623 4016 mea
1642 3961 1819 4028 interdicam,

222 4049 359 4122 scriptore
373 4039 438 4105 alias
452 4050 566 4105 laudato
581 4050 671 4122 possis
684 4047 852 4103 discernere.
869 4047 999 4102 Hicvero
1047 4041 1132 4095 “HOC
1144 4061 1201 4107 me,
1220 4065 1233 4092 ν
1255 4047 1352 4115 inquit,
1375 4057 1484 4118 «putat
1495 4043 1655 4116 facturum,
1674 4066 1756 4121 quum
1772 4067 1827 4120 ego

222 4135 315 4204 locus,
327 4155 414 4208 quum
427 4137 463 4191 de
474 4138 558 4192 rebus
567 4139 602 4192 sit
614 4137 774 4202 Gallorum,
788 4135 950 4207 Timagenes
960 4135 999 4190 ibi
1042 4143 1094 4181 vos
1104 4133 1132 4182 1'12
1141 4135 1262 4202 gratim
1273 4131 1452 4186 reduxerim?
1466 4157 1478 4182 υ
1493 4135 1597 4188 liberat
1610 4140 1682 4190 enim
1696 4137 1824 4209 aliquan-

221 4225 321 4278 cirarus
336 4225 438 4297 pimeni
458 4224 547 4282 dubio
567 4223 643 4280 idem
664 4233 704 4278 est
726 4233 811 4297 atque
831 4223 916 4294 Syrus
935 4223 998 4292 illu¹
1042 4216 1079 4269 do
1101 4217 1248 4292 Tr'magent'
1261 4219 1355 4274 Pollio
1369 4225 1466 4288 iratus,
1489 4239 1540 4276 nec
1559 4223 1647 4276 ullam
1661 4224 1750 4277 uliam
1768 4223 1825 4278 tra-

221 4327 306 4384 quem
314 4309 812 4384 deGalliarllurioloqueusmemorat
825 4309 998 4370 Plutarchus,
1043 4302 1140 4358 bustu!
1154 4323 1266 4360 causum
1279 4307 1436 4376 ‹tes-inerint,
1455 4327 1539 4382 quam
1553 4310 1629 4382 qrtod
1647 4311 1747 4366 Coesar
1761 4308 1821 4365 coe'-

1040 4403 1122 4462 perat
1133 4390 1177 4464 Γ).

234 4564 236 4568 .
253 4524 285 4588 (*)
293 4517 409 4587 Euneon.
417 4525 434 4574 1.
443 4525 459 4574 Ι.
468 4515 528 4588 ρῖίιι
539 4545 545 4574 :
555 4543 567 4568 r
578 4528 643 4575 Nous
652 4539 683 4574 ne
693 4537 780 4574 sarone
792 4537 834 4587 pus
844 4524 1000 4587 precisement
1075 4507 1109 4568 (Ἴ
1123 4507 1246 4558 Detsinio
1254 4508 1360 4559 Pollione
1366 4523 1486 4574 apponere
1496 4512 1566 4562 lineet
1575 4513 1656 4563 heum
1664 4513 1733 4565 Plinii
1743 4516 1766 4564 in
1777 4519 1820 4579 Ep.

222 4595 245 4644 le
257 4599 335 4658 temps
343 4597 399 4658 qu'it
412 4599 474 4645 resta
485 4596 500 4645 a
511 4597 656 4655 Tusculum,
669 4598 694 4644 et
705 4608 791 4644 encore
803 4595 880 4644 molus
889 4597 912 4644 la
921 4595 999 4645 raison
1043 4577 1101 4634 vn·
1116 4583 1159 4626 ¹²²
1176 4579 1219 4627 W
1228 4583 1266 4628 ⁶⁸²
1275 4583 1387 4641 wilm
1396 4583 1502 4662 filule?
1508 4585 1645 4665 lll'st'ssll’lffl
1656 4585 1735 4634 Mill
1743 4598 1824 4634 mil·

222 4665 264 4727 qui
276 4665 309 4714 lui
325 4667 352 4715 nt
362 4667 462 4728 prendre
477 4666 498 4715 le
507 4667 567 4728 parti
578 4666 707 4728 deqrtitter
716 4669 779 4715 cette
793 4666 891 4715 retraite
900 4679 961 4728 potu
974 4681 1000 4720 se
1043 4649 1131 4694 ’mm
1144 4648 1342 4700 remeantur:
1356 4650 1531 4708 “humiliar
1545 4653 1674 4734 “immi
1683 4659 1824 4716 “msti-

223 4736 307 4786 retirer
316 4736 472 4796 amnium,
484 4737 539 4786 riile
546 4735 577 4786 de
586 4736 710 4786 i'osroene
716 4735 776 4785 dans
785 4735 808 4784 la
816 4736 999 4799 naumurum
1043 4718 1098 4770 'ml’
1112 4717 1245 4778 P'W‘m'·
1263 4717 1470 4782 ''mimmii‘’
1484 4723 1529 4783 qut
1543 4721 1637 4786 “lilim
1651 4728 1822 4786 ⁶⁰ml³⁰l¹ll¹²=

223 4805 999 4869 e'est,si‚jenemetrompe,‹iulieu‹lecetteretraitequet'au
1041 4785 1825 4859 Wm't“mmmmm⁰mnl¹⁴m⁰ml²l¹⁴milll⁵m²l¹

222 4875 313 4924 teurdu
325 4875 384 4925 livre
394 4881 439 4926 nes
448 4876 820 4938 lleuresaduuutaTimagenes
828 4876 851 4926 le
860 4889 958 4926 surnom
969 4877 1000 4927 de
1043 4855 1153 4917 aemiuli
1169 4857 1307 4907 “mmm
1323 4859 1383 4936 lam,
1398 4864 1582 4944 ⁵⁶²¹⁶J⁰m¹l²⁴m
1599 4862 1720 4913 'eamr
1732 4877 1763 4912 Μ
1775 4878 1822 4946 ΙΝ·

222 4947 315 5008 gma'
330 4947 347 4995 n
358 4959 372 5008 y
384 4951 481 4996 moun„
489 4947 562 4995 d’une
571 4946 718 5008 turrigerum.
733 4967 745 4990 ‚‚
1034 4923 1178 4986 formator.
1196 4931 1303 4976 Domum
1317 4941 1393 4978 suum
1405 4931 1574 4980 recitantibus
1587 4933 1701 4994 precisis
1715 4937 1823 4983 nudato-

1042 4997 1099 5051 rtn‚
1112 5007 1162 5044 non
1175 4995 1246 5058 apud
1253 5009 1279 5046 te
1290 5000 1402 5054 tuntum,
1413 4997 1569 5060 beniunitate
1578 5003 1821 5066 intrufreqruutut.

254 5061 301 5122 (⁰)
309 5060 465 5122 similiterap.
474 5061 574 5109 Ptolem.
586 5063 616 5119 V,
625 5067 638 5108 t
646 5059 716 5112 codd.
727 5061 926 5125 terruerunt:
937 5067 999 5123 Δαμ·
1042 5065 1115 5114 Plura
1128 5065 1183 5114 ride
1194 5079 1233 5129 ap.
1250 5067 1428 5117 Thorbeelrium
1440 5071 1474 5118 De
1486 5073 1515 5120 c.
1527 5071 1600 5119 Asinii
1614 5073 1724 5122 Pollionis
1738 5073 1785 5121 rita
1795 5078 1822 5123 et

224 5131 300 5190 tivo,
313 5143 389 5184 uurrm
402 5145 453 5180 csse
465 5131 549 5180 debeat
561 5147 599 5187 πρ.
614 5130 720 5192 itionum.
1041 5134 1126 5187 niudis
1136 5137 1212 5186 denir.
1227 5137 1379 5199 (hugolini.
1395 5140 1469 5203 tito)
1482 5153 1505 5202 p.
1521 5147 1623 5206 rursm
