4004 5736
865 315 1114 377 FRAGMENTA.

197 438 328 516 κύντερον,
349 436 416 496 ὥστε
438 440 475 517 τῷ
490 437 537 515 μίν
552 439 711 516 πελαγίζειν,
730 443 769 521 τῷ
792 439 819 499 δέ
834 448 972 522 πειρᾶσθαι

196 530 241 595 ιη”ς
254 529 316 602 γῆς,
329 524 463 600 ἐνθέμενον
481 529 612 604 γεωργικά
630 528 752 605 ἐργαλεῖα
770 528 814 586 καί
832 529 971 608 σπέρματα

197 612 242 669 καί
263 611 412 687 οἰκοδόμους
434 615 549 691 ὁρμῆσαι
567 611 630 691 πρὸς
652 612 696 672 τὸν
718 614 797 674 αὐτὸν
821 616 970 696 περίπλουν·

197 697 386 774 διανοούμενον,
412 700 435 755 εἰ
454 698 606 777 βραδύνοιτο
627 704 641 758 δ
658 703 755 773 πλοῦς,
774 703 972 781 ένδιαχειμάσαι

198 790 230 865 τῇ
252 784 452 863 προεσκεμμένῃ
472 785 558 865 νήσῳ,
579 785 625 844 καί
647 787 790 866 σπείραντα
811 789 856 848 καί
876 789 973 849 ἀνελύ-

198 893 274 948 μενον
282 870 345 937 τούς
355 871 470 949 καρπούς
486 871 590 930 τελέσαι
607 874 651 931 τὸν
669 875 828 951 ἐγνωσμένον
845 875 870 944 έξ
890 880 973 955 ἀρχῆς

196 961 285 1016 πλοῦν.

236 1043 307 1120 Ἐγὼ
320 1042 367 1119 μὲν
379 1036 434 1116 σύν,
446 1043 526 1124 ρησί,
536 1044 615 1124 μέχρι
626 1046 729 1126 [τῆσδε]
738 1047 856 1125 τῆς-περί
867 1047 911 1106 τὸν
922 1047 971 1106 Ed·

197 1128 268 1196 δοξον
281 1129 397 1209 ἱστορίας
406 1131 477 1199 ήκω·
491 1132 517 1187 τί
526 1132 549 1187 δ’
564 1129 669 1212 ὕστερον
681 1133 796 1208 συνέύη,
808 1133 866 1200 τοὺς
877 1137 907 1192 ἐκ
918 1136 969 1193 Γα·

197 1216 287 1294 δείρων
301 1217 347 1274 καί
365 1221 411 1288 τῆς
426 1215 543 1296 Ἰύηρίας
557 1217 624 1284 εἰκθς
638 1218 741 1278 εἰδέναι.
757 1219 807 1280 Ἐκ
821 1221 924 1280 πάντων
939 1219 970 1291 δὴ

197 1301 295 1360 τούτων
307 1303 371 1382 ρησὶ
383 1303 545 1380 δείκνυσθαι,
560 1303 624 1362 διότι
638 1309 653 1376 ἠ
666 1305 804 1382 οἰκουμένη
820 1307 908 1388 κύκλῳ
922 1331 970 1365 πε-

197 1391 320 1469 ριρρείται
332 1393 369 1466 τῷ
380 1392 503 1469 ὠκεανῷ·

257 1527 293 1576 Οὐ
301 1526 347 1587 γάρ
358 1543 396 1586 μιν
408 1527 491 1588 δεσμὸς
501 1527 662 1590 περιθοίλλεται
671 1530 789 1592 ἠπείροιο,

258 1595 339 1651 ἀλλ’ές
349 1597 481 1659 ἀπειρεσίην
493 1599 602 1659 κέχυται·
614 1598 642 1646 τό
656 1615 694 1660 μιν
707 1600 756 1648 οῡτι
767 1598 860 1662 μιαίνει.

198 1706 358 1784 Θαυμαστὸς
367 1707 399 1778 δή
407 1707 476 1766 κατὰ
483 1709 568 1766 πάντα
576 1708 645 1768 ἐστίν
658 1713 671 1768 δ
682 1706 860 1784 Ποσειδώνιος,
870 1710 970 1789 τὸνμὲν

198 1797 243 1850 τοῦ
251 1791 337 1870 μάγου
347 1793 498 1870 περίπλουν,
510 1793 537 1852 δν
547 1793 721 1874 Ἡρακλείδης
732 1786 812 1870 εἶπεν,
823 1797 970 1878 ἀμάρτυρον

197 1879 323 1954 νομίσας,
339 1877 383 1936 καί
398 1881 483 1936 αὐτῶν
496 1883 549 1938 τῶν
563 1880 614 1938 ὑπὸ
627 1883 737 1959 Δαρείου
748 1882 926 1964 πεμφθέντων,
943 1882 971 1943 δν

196 1965 335 2044 Ἡρόδοτος
353 1968 464 2044 ἱστορεῖ,
481 1965 510 2024 τὸ
529 1966 556 2024 δὲ
579 1971 704 2046 Βιργαίον
725 1969 841 2046 διήγημα
855 1975 930 2029 τοῦτο
944 1973 971 2028 έν

114 2079 124 2090 ·
194 2051 306 2118 πίστεως
316 2051 389 2132 μέρει
401 2053 495 2128 τιθείς,
506 2053 552 2111 εἶθ’
567 2057 611 2112 ὑπ’
624 2057 702 2114 αὐτοῦ
713 2055 907 2132 πεπλασμένον,
923 2057 969 2114 εἴτ’

195 2139 282 2198 σίλλων
294 2138 452 2197 πλαοάντων
462 2141 605 2200 πιστευθέν.
618 2143 699 2217 (Quae
710 2146 740 2198 in
751 2147 802 2200 hac
811 2147 971 2202 narratione

195 2228 232 2284 de
252 2230 428 2302 temporibus
447 2248 543 2304 regum
560 2231 673 2305 AEgypti
692 2245 895 2302 memorantur,
911 2235 970 2307 pri·

193 2333 257 2372 mus
270 2317 405 2389 explicuit
415 2327 444 2394 et
456 2317 569 2372 aliunde
581 2336 636 2390 qua
650 2319 722 2390 solet
731 2321 877 2392 sagacitate
893 2339 969 2375 con-

193 2400 316 2458 firmarit
326 2405 505 2477 Latronnius,
519 2407 607 2464 laser.
619 2407 654 2459 de
664 2407 676 2458 1
680 2394 738 2478 'Ege
749 2408 773 2472 l,
781 2424 813 2478 p.
827 2405 864 2460 58
875 2403 949 2482 sqq.)

234 2491 365 2544 Pluribus
372 2489 472 2546 deinde
480 2491 738 2564 narrationishujus
746 2492 889 2548 salsitatem
897 2504 972 2566 post·

194 2595 279 2649 quam
289 2578 390 2632 Straba
403 2579 549 2651 probavit,
561 2578 691 2650 subjicit:
709 2579 750 2638 Οὗ
761 2577 827 2636 πολὺ
842 2569 887 2636 οὖν
902 2581 970 2637 cirro-

191 2662 311 2720 λείπεται
321 2667 404 2720 ταῦτα
415 2667 466 2722 τῶν
479 2663 579 2722 Πυθέου
591 2663 637 2722 καί
648 2664 784 2744 Εὐημέρου
801 2665 846 2724 καί
857 2665 972 2744 Ἀντιφά-

193 2772 252 2816 νους
269 2750 437 2828 ψευσμάτων.
453 2749 522 2809 Ἀλλ’
542 2750 647 2817 ἰκτίνοις
661 2751 707 2827 μίν
722 2751 879 2831 συγγνώμη,
899 2754 969 2810 τοῦτ’

194 2835 258 2894 αὐτὸ
278 2835 483 2906 ἐπιτηδεύουσιν,
507 2835 596 2916 ὥσπερ
618 2838 670 2904 τοῖς
690 2838 908 2914 θαυματοποιοῖς·
932 2839 969 2916 τῷ

193 2921 219 2980 δ’
232 2923 406 3002 σἰπσδεικτικῷ
420 2923 465 2980 καί
478 2923 623 3003 φιλοσόφῳ,
635 2923 727 3002 σχεδὸν
740 2924 767 2982 δέ
780 2947 805 2982 τι
825 2923 884 3003 περὶ
898 2947 968 3003 πρω-

192 3097 279 3136 rursus
289 3087 426 3134 constructa
439 3085 540 3134 rotunda
549 3086 621 3146 nari,
632 3089 657 3135 et
668 3086 737 3148 longa
748 3087 919 3148 quinquaginta
929 3099 966 3134 re·

193 3175 291 3212 morum
300 3161 362 3220 alia,
372 3163 400 3210 οι
409 3174 451 3224 per
460 3161 733 3224 altumrelrereturilla,
744 3163 789 3210 liae
796 3175 857 3224 pone
865 3165 968 3222 terram,

193 3241 312 3304 impositis
336 3241 500 3290 instrumentis
517 3241 625 3300 rusticis,
641 3241 773 3291 seminibus
788 3244 813 3290 et
834 3239 967 3289 editicandi

192 3317 287 3380 peritis,
303 3316 335 3366 ad
349 3316 449 3366 candem
461 3315 729 3378 circumnavigatiouem
745 3329 771 3366 se
786 3316 928 3377 contulisse,
940 3329 969 3364 eo

192 3395 310 3453 consilia,
322 3395 364 3454 nt,
375 3393 395 3442 si
405 3393 497 3442 tardius
507 3394 558 3442 traso
568 3392 718 3452 succederet,
728 3393 752 3440 in
763 3395 834 3441 antea
843 3393 969 3442 observata

190 3473 274 3522 insula
288 3472 420 3532 memoret,
434 3471 579 3533 comiteque
589 3471 651 3532 agris
665 3473 691 3521 et
707 3472 824 3534 perceptis
837 3471 968 3531 fructibus,

192 3549 263 3600 initio
271 3551 417 3612 propositam
428 3550 561 3600 absolveret
569 3550 752 3612 navigationem.

226 3631 348 3678 Ησαιεσυε
360 3627 418 3676 milri
428 3626 525 3690 quidem
538 3627 645 3688 (inquit)
656 3629 750 3689 cognita
761 3629 797 3676 est
811 3627 908 3676 historia
920 3631 968 3676 iiu-

192 3703 267 3754 dcni:
278 3703 335 3766 quid
345 3717 403 3754 rero
413 3705 494 3764 postea
501 3703 534 3752 illi
544 3702 666 3763 nocidnit,
677 3717 720 3764 par
728 3706 765 3753 est
774 3704 904 3754 Gaditanos
909 3705 969 3754 scire

83 3801 88 3813 ·
192 3779 967 3842 anspmcxhuergcomninusdenonstraninmunem

193 3861 311 3907 terraram
324 3857 377 3906 orbi
388 3857 471 3905 circuli
480 3855 504 3904 in
514 3869 607 3906 morem
618 3869 668 3906 esse
679 3857 851 3907 circumfusum
862 3875 868 3907 ι

226 3923 235 3944 ⁴
251 3959 301 4002 lton
311 3957 395 4002 etenim
403 3959 471 4000 terra
480 3955 555 4000 rlnclc
564 3955 717 4001 drmnsdatur
725 3957 777 4000 illes

246 4023 309 4070 icona
318 4025 342 4067 in
351 4025 486 4069 lrnmenanni
494 4027 541 4076 est,
549 4035 578 4068 ne
587 4024 705 4080 quicquam
713 4023 799 4080 polluat
808 4025 889 4082 ipsum.

193 4119 323 4169 Enimvero
334 4117 422 4167 mirum
431 4129 457 4167 se
466 4118 491 4166 in
500 4117 537 4166 his
544 4117 656 4168 omnibus
666 4118 757 4180 praebet
766 4117 918 4179 Posidonius,
927 4117 968 4180 qui

192 4209 271 4258 ηιιιιιιι
290 4197 350 4258 tlon
369 4195 638 4255 οίισσιοαανίςσιιοιιεοι
651 4197 682 4244 ab
697 4195 822 4245 Heraclide
837 4195 968 4257 expositam

191 4272 328 4323 testimonio
346 4272 441 4322 destitui
459 4273 567 4332 censeat,
585 4272 691 4333 itemque
708 4285 791 4321 eornm
808 4271 850 4334 qui
867 4285 882 4319 a
897 4271 969 4320 Dario

191 4350 255 4414 [imo
266 4349 371 4412 Nerone]
382 4349 446 4398 missi
457 4349 553 4398 iuuant
562 4341 594 4397 ab
612 4348 733 4398 Herodoto
749 4352 884 4408 narratam,
897 4347 969 4398 fidem

191 4425 291 4476 adhibet
299 4425 356 4474 nuic
371 4427 467 4486 aergno
477 4427 628 4488 commento,
637 4425 746 4488 siveipae
755 4425 910 4484 conduxerit,
919 4425 969 4474 sire

190 4502 283 4551 analio
294 4501 424 4550 mulierum
436 4513 479 4562 pro
490 4513 547 4550 vero
556 4501 674 4552 habuerit.

224 4581 283 4628 ttae
294 4577 366 4638 igitur
376 4589 424 4625 non
433 4577 537 4626 multum
550 4578 637 4626 absunt
652 4590 667 4626 a
680 4576 793 4638 Pythee,
806 4577 932 4626 Euhemeri
944 4579 969 4627 et

190 4655 334 4716 Antiplrauis
349 4653 487 4702 mendaciis.
499 4656 591 4703 Verum
602 4654 627 4703 bi
638 4653 735 4716 quidem
747 4654 810 4716 digni
820 4655 877 4703 sunt
885 4654 968 4714 vania,

190 4731 282 4794 quibus
299 4731 362 4780 idem
381 4731 426 4780 tuit
438 4730 504 4792 quod
520 4732 733 4794 prestigiatortbua
745 4732 908 4794 propositum
924 4731 968 4780 de·

191 4808 346 4857 monstratori
355 4811 445 4866 autem,
455 4807 606 4870 philosopho,
617 4822 646 4858 ac
654 4808 760 4857 nonnihil
770 4809 841 4859 etiam
850 4808 881 4858 dc
890 4808 968 4870 palma

192 4885 294 4934 εεεισυιΙ
305 4885 360 4947 quis
369 4885 490 4947 ignoscat?
498 4889 557 4936 llaec
565 4887 647 4948 itaque
656 4889 726 4936 male.

224 4963 557 5024 (slliecteautsmapudenm
563 4961 969 5026 expositasunt‚terramaliquando

193 5039 287 5098 attriti,
300 5038 429 5100 aliquando
438 5039 572 5102 subsidere,
587 5041 723 5103 mutarique
734 5045 805 5091 terrm
815 5039 933 5101 motibus,
944 5041 967 5088 cl

1732 338 1767 388 28
1776 339 1785 390 i

1016 451 1091 540 τείριν
1109 454 1353 536 άγεσνιξομένιμ,τίς
1370 455 1402 514 δν
1420 459 1559 536 συγγνοίης
1573 461 1666 520 Ταῦτα
1680 463 1728 539 μίν
1745 457 1791 525 σύν

1015 541 1062 598 ούκ
1076 532 1114 601 ιδ.

1057 649 1123 702 Post
1131 647 1190 702 haec
1201 651 1311 722 pergit:
1324 647 1358 725 (a)
1369 649 1394 708 T
1395 647 1409 706 δ
1418 647 1445 706 δί
1456 648 1600 726 ἐξαίρεσθαι
1609 653 1656 723 τήν
1665 658 1714 732 γῆν
1725 680 1789 718 ποτε

1016 730 1061 788 καί
1073 731 1188 808 ἱζήματα
1199 731 1344 808 λσμδάνειν
1358 735 1404 792 καί
1415 736 1561 812 μεταθσλδς
1570 737 1617 805 τδς
1630 741 1659 798 έκ
1672 745 1723 800 τῶν
1735 767 1790 802 σει-
1845 725 1852 738 ἰ

1017 821 1090 894 σμῶν
1103 817 1147 876 καί
1159 821 1211 877 τῶν
1221 819 1308 876 ἄλλων
1318 823 1369 879 τῶν
1380 823 1581 900 παραπλησίων,
1591 825 1640 883 δοα
1652 827 1790 906 διηριθμη-

1017 905 1118 980 σσίμεθα
1132 903 1177 964 καί
1185 909 1280 982 ἡμεῖς,
1291 909 1371 986 ὀρθῶς
1383 917 1467 967 κεῖται
1478 913 1541 989 παρ’
1551 913 1636 992 αὐτῷ·
1645 913 1709 992 πρδς
1720 914 1734 974 δ
1744 917 1789 974 καί

1016 992 1045 1050 τὸ
1058 997 1102 1050 τοῦ
1115 992 1255 1060 Πλάτωνος
1266 983 1295 1052 rii
1304 995 1488 1074 παρατίθησιν,
1499 993 1539 1054 δτι
1549 997 1680 1076 ἐνδέχεται
1693 1001 1737 1059 καί
1752 1002 1789 1078 μή

1016 1078 1126 1154 πλάσμα
1138 1069 1204 1137 εἰναι
1215 1079 1245 1137 τὸ
1260 1079 1319 1158 περί
1330 1086 1376 1152 τῆς
1389 1081 1468 1152 νήσου
1482 1085 1529 1153 τῆς
1542 1083 1716 1158 Ἀτλαντίδος,
1730 1091 1790 1167 περὶ

1016 1157 1046 1236 ἧς
1063 1169 1158 1230 ἐκεῖνος
1175 1167 1311 1244 ἱστορῆσαι
1327 1168 1437 1227 Σίλωνά
1450 1191 1514 1249 ρησι
1532 1169 1697 1248 πεπυσμένον
1715 1176 1789 1254 παρὰ

1015 1256 1066 1310 τῶν
1078 1251 1228 1330 Αἰγυπτίων
1239 1252 1339 1330 ίερέισν,
1351 1257 1387 1320 ὡς
1395 1255 1549 1335 ύπάρχουσά
1563 1279 1626 1315 ποτε
1638 1260 1790 1337 δρανιοθείη

1015 1340 1045 1397 τὸ
1057 1337 1161 1415 μέγεθος
1171 1339 1218 1396 ούκ
1230 1337 1344 1397 ἰλάττων
1356 1340 1477 1420 ἠπείρου·
1489 1342 1535 1400 καί
1547 1349 1623 1402 τοῦτο
1634 1343 1715 1403 οίιται
1728 1347 1789 1426 βέλ·

1016 1447 1069 1482 τιον
1084 1415 1148 1482 εἶναι
1162 1423 1245 1500 λέγειν
1259 1425 1277 1495 ἠ
1289 1425 1354 1485 διότι
1367 1432 1381 1486 ὁ
1394 1426 1497 1494 πλάσας
1511 1426 1592 1498 αύτήν
1602 1429 1739 1507 ἠφάνισεν,
1755 1435 1790 1500 ὡς

1016 1514 1029 1569 δ
1044 1507 1153 1582 ποιητής
1163 1511 1193 1568 τθ
1205 1514 1256 1568 τῶν
1268 1511 1380 1590 Ἀχαιῶν
1391 1517 1476 1592 τεῖχος
1488 1517 1540 1591 (ci.
1552 1519 1653 1574 Strabo
1662 1537 1693 1593 p.
1708 1519 1789 1594 598).

1015 1597 1122 1664 Εἰκάζιι
1136 1597 1163 1656 δέ
1177 1596 1222 1656 καί
1228 1595 1282 1672 ,τήν
1297 1601 1348 1656 τῶν
1361 1599 1487 1679 Ιίίμδρυιν
1502 1601 1551 1676 (cf.
1567 1604 1602 1662 sr.
1618 1604 1669 1679 75)
1682 1604 1727 1662 καί
1739 1609 1790 1664 τῶν

1015 1686 1143 1762 συγγενῶν
1158 1683 1328 1751 θξανσίστασιν
1341 1687 1371 1744 ίκ
1385 1691 1431 1757 τῆς
1444 1687 1539 1753 οἰκείας
1550 1689 1581 1722 ⁴¹*
1591 1689 1710 1766 γενέσθαι
1721 1693 1788 1751 καιδ

1015 1771 1144 1842 θαλάττης
1158 1769 1260 1850 έροδον,
1274 1773 1320 1830 οὐκ
1334 1773 1428 1852 δθρύαν
1441 1773 1591 1850 mutares.

1055 1883 1086 1960 (τ)
1102 1881 1225 1940 Ὑπονοιῖ
1239 1881 1266 1940 δί
1280 1881 1310 1940 τδ
1327 1887 1373 1954 τῆς
1391 1885 1543 1962 οἰκουμένης
1557 1889 1638 1964 μῆκος
1652 1887 1720 1946 έπτσί
1739 1913 1789 1950 που

1016 1970 1147 2049 μυριάδων
1161 1968 1274 2028 σταδίων
1291 1969 1409 2050 ὑπάρχον
1422 1971 1504 2048 ἥμισι
1521 1964 1587 2031 εἶναι
1603 1979 1649 2032 τοῦ
1666 1973 1727 2034 θλου
1741 1976 1788 2034 κύ-

1014 2059 1093 2129 κλου,
1104 2055 1162 2114 καθ’
1178 2055 1206 2114 δν
1218 2053 1354 2134 ιίληπιαι,
1369 2055 1436 2116 ὥστε
1441 2105 1449 2131 ,
1461 2058 1548 2138 ρησλν,
1565 2060 1618 2118 ἀπὸ
1629 2065 1676 2131 τῆς
1692 2061 1788 2131 δύσεως

1015 2140 1081 2222 εὔρῳ
1094 2140 1180 2200 πλέων
1190 2143 1216 2199 έν
1230 2141 1368 2208 τοσαύταις
1380 2143 1501 2222 μυριάσιν
1512 2143 1581 2203 ἔλθοι
1591 2143 1622 2202 δν
1635 2147 1670 2208 εἰς
1682 2145 1786 2215 Ἰνδούς.

1016 2229 1047 2308 (si
1064 2227 1253 2307 Ἐπιχειρήσας
1264 2229 1291 2286 δέ
1306 2230 1437 2288 αἰτιᾶσθαι
1449 2227 1507 2296 τούς
1518 2229 1586 2289 οὕτω
1606 2229 1652 2298 τδις
1667 2233 1789 2313 ἠπείρους

1015 2313 1194 2395 διορίσαντας,
1207 2313 1275 2373 atti
1286 2313 1323 2390 μή
1333 2315 1510 2394 παραλλήλοις
1518 2316 1571 2375 τισί
1582 2319 1620 2398 τῷ
1630 2319 1788 2400 ἰσημερινῷ,

1015 2403 1048 2461 δι’
1058 2395 1094 2461 ῶν
1112 2401 1221 2476 ἔμελλον
1233 2397 1379 2468 ἰξαλλάξιις
1394 2402 1539 2462 διίκνυσθσι
1551 2402 1623 2483 ζῴων
1634 2425 1663 2461 τε
1676 2403 1721 2462 καί
1742 2428 1789 2486 ρυ-

1015 2493 1067 2548 τῶν
1078 2487 1123 2546 καὶ
1134 2487 1227 2566 άίρων,
1238 2491 1289 2546 τῶν
1300 2487 1347 2564 μίν
1356 2492 1389 2566 τῇ
1399 2491 1581 2568 κατεψυγμένη
1592 2489 1787 2566 συναπτόντων,

1016 2579 1067 2634 τῶν
1082 2573 1109 2632 δί
1123 2579 1156 2654 τῇ
1169 2573 1376 2652 διακεκαυμένη,
1391 2573 1459 2634 ὥστε
1475 2575 1551 2634 οἱονεί
1565 2575 1647 2644 ζώνας
1665 2567 1791 2644 εἶναιτίς

1014 2660 1151 2741 ἠπείρους,
1163 2659 1332 2744 σίνασκευάζιι
1341 2661 1420 2718 πάλιν
1432 2661 1477 2719 καί
1491 2663 1517 2720 έν
1530 2661 1654 2720 ἀναλύσιι
1666 2661 1738 2733 δίκης
1750 2663 1789 2742 γί·

1016 2771 1102 2820 νεται,
1126 2749 1237 2806 ἐπαινῶν
1260 2745 1339 2804 πάλιν
1361 2745 1409 2818 τήν
1429 2739 1508 2806 ούσαν
1533 2747 1666 2826 διαίρεσιν,
1687 2750 1789 2820 θετικήυ

1014 2835 1164 2910 ποιούμενος
1177 2831 1225 2905 τήν
1239 2833 1344 2906 ζήτησιν
1359 2831 1425 2913 πρὸς
1438 2833 1510 2893 οὐδὲν
1523 2834 1671 2912 χρησίμως.
1688 2839 1722 2896 At
1737 2836 1788 2914 γδρ

1016 2927 1134 2981 τοιαῦται
1148 2920 1274 2988 διατάξεις
1285 2922 1332 2978 ούκ
1346 2922 1375 2978 ἰκ
1393 2919 1514 3000 προνοίας
1530 2921 1657 2998 γίνονται,
1671 2921 1789 3002 καθάπερ

1015 3085 1061 3134 alia
1071 3085 1094 3133 id
1104 3097 1191 3146 genus,
1205 3085 1277 3134 etiarn
1289 3097 1303 3133 a
1314 3083 1383 3134 nobis
1394 3089 1545 3145 enumernm
1555 3083 1643 3146 quibus
1652 3085 1723 3134 etiam
1735 3086 1788 3134 Pla-

1014 3163 1078 3212 tonis
1089 3162 1231 3212 senteutiam
1243 3162 1368 3212 commode
1383 3163 1493 3226 apponit,
1512 3163 1561 3212 lieri
1573 3175 1660 3226 nempe
1677 3177 1746 3227 posse
1763 3169 1790 3215 ut

1014 3253 1064 3289 uon
1081 3239 1112 3289 sit
1127 3239 1265 3300 figmentum
1277 3239 1301 3288 id
1311 3237 1375 3301 quod
1390 3239 1420 3288 de
1431 3237 1551 3289 Atlantide
1564 3239 1642 3288 insula
1656 3240 1742 3302 iertnr,
1759 3243 1789 3292 de

1012 3332 1060 3380 qua
1072 3319 1092 3368 is
1104 3319 1138 3368 ait
1147 3318 1269 3368 tradidisse
1278 3313 1403 3380 Solonem,
1413 3319 1454 3380 qui
1464 3317 1496 3366 ita
1505 3317 1536 3366 ab
1543 3319 1657 3381 AEgyptiis
1670 3319 1790 3370 didicisset

1012 3397 1191 3455 sacerdotibus,
1207 3395 1309 3446 deletam
1326 3408 1380 3445 eam
1396 3409 1462 3456 osse,
1477 3409 1553 3458 quum
1570 3396 1641 3446 luerit
1661 3397 1790 3461 aliquando

1014 3473 1151 3522 continente
1159 3475 1209 3522 tota
1220 3485 1268 3522 non
1277 3472 1357 3520 minor
1365 3473 1456 3533 insula,
1466 3473 1633 3536 existimatque
1643 3475 1690 3523 troc
1699 3476 1788 3524 rectius

1014 3549 1075 3610 dici,
1087 3562 1160 3610 quam
1171 3547 1323 3608 id,deletam
1334 3547 1655 3611 luisseabeoipsoquieam
1665 3563 1788 3600 commen-

1013 3627 1054 3674 tus
1065 3625 1149 3687 inerit,
1161 3627 1223 3674 sicut
1234 3624 1296 3687 apud
1307 3627 1437 3673 llomerum
1454 3623 1541 3672 accidit
1551 3637 1622 3674 muro
1634 3625 1786 3675 Acheornm.

1014 3703 1158 3764 Coniectura
1169 3701 1241 3751 etiarn
1257 3701 1347 3762 colligit
1362 3699 1515 3749 cimbrorum
1525 3699 1619 3763 illisque
1632 3707 1788 3763 cogrratoruna

1013 3779 1155 3842 populorum
1174 3777 1338 3840 migrationem
1356 3789 1370 3826 e
1389 3775 1467 3839 patria
1482 3777 1570 3826 saetam
1588 3791 1639 3828 esse
1657 3777 1788 3841 [predandi

1013 3869 1098 3917 causo,
1108 3853 1206 3919 noricis
1215 3855 1287 3904 maris
1295 3855 1442 3904 incursiones
1453 3853 1534 3904 subito
1543 3855 1646 3904 obortas

1043 3960 1067 4006 7.
1085 3956 1225 4018 suspiratur
1233 3955 1305 4004 etiarn
1315 3954 1427 4006 habitata
1434 3957 1504 4004 torre
1513 3954 1684 4018 magitudinem
1695 3963 1790 4020 septua-

1012 4033 1076 4095 ςίπιο
1083 4033 1176 4081 circiter
1182 4031 1287 4080 nullibus
1294 4031 1424 4094 stadicnrm
1431 4030 1730 4096 constare,dimidiumque
1738 4048 1790 4082 essa

1012 4111 1087 4160 totius
1097 4103 1128 4159 in
1145 4123 1194 4172 quo
1205 4109 1308 4160 sumitur
1321 4109 1404 4174 circuli
1419 4128 1426 4158 ι
1440 4109 1521 4170 itaque
1535 4109 1644 4172 (inquit)
1655 4110 1686 4158 ab
1701 4125 1787 4160 occasu

1013 4190 1078 4238 liure
1086 4187 1191 4250 mirante
1205 4186 1319 4248 uarlmua
1329 4188 1424 4235 tautum
1436 4186 1553 4248 matium,
1569 4187 1599 4235 ud
1618 4187 1689 4236 indes
1704 4201 1788 4250 perre-

1012 4265 1071 4314 nias
1080 4264 1250 4326 (disgressus
1262 4262 1347 4312 delude
1357 4275 1398 4312 eos
1409 4261 1581 4324 reprehendere
1589 4263 1631 4325 qui
1645 4264 1805 4314 continentis·

1012 4342 1092 4403 panes
1105 4340 1151 4390 hcc
1166 4339 1239 4390 mado
1254 4339 1430 4398 distinxerunt,
1440 4351 1489 4387 non
1505 4337 1572 4388 lineis
1588 4338 1732 4400 quibusdam
1749 4354 1787 4389 re·

1012 4421 1096 4482 speetu
1104 4417 1234 4480 equatoris
1244 4417 1376 4480 parallelis,
1386 4415 1475 4478 quibus
1488 4415 1567 4464 doctis
1577 4415 1727 4468 diversitates
1737 4418 1788 4468 aui·

1013 4497 1130 4559 mallum,
1141 4497 1276 4558 plantarum
1291 4497 1316 4546 et
1325 4495 1385 4544 aeris
1401 4493 1563 4557 demonstrari
1574 4493 1719 4556 potuissent,
1729 4508 1787 4556 qua·

1012 4577 1084 4624 ιιοιιε
1091 4573 1138 4622 alia
1147 4572 1178 4622 sd
1193 4572 1318 4634 frigidam,
1328 4571 1376 4620 alia
1389 4569 1418 4618 ad
1427 4569 1542 4618 torridam
1553 4569 1672 4632 pertinent
1680 4571 1787 4632 plagam,

1013 4652 1127 4702 retractat
1135 4652 1160 4700 ct
1171 4649 1320 4700 inanirenda
1334 4647 1486 4696 accusatione
1495 4649 1612 4708 versatur,
1622 4647 1723 4698 laudans
1733 4662 1788 4698 eam

1013 4741 1068 4791 que
1078 4727 1171 4776 obtinet
1180 4725 1321 4776 divisionem
1330 4727 1355 4773 et
1364 4723 1548 4784 disputationem
1561 4724 1585 4771 ln
1597 4725 1724 4785 utramque
1735 4735 1787 4786 par·

1012 4804 1210 4874 tetuinstiluem,
1220 4801 1287 4851 nulla
1296 4813 1353 4850 saue
1361 4813 1417 4848 cum
1427 4798 1539 4848 utilitate.
1572 4799 1714 4860 liuiusmcdi
1723 4801 1787 4850 enim

1012 4882 1177 4944 dispositiones
1185 4893 1233 4930 non
1243 4879 1319 4940 magis
1327 4877 1409 4928 dedita
1417 4889 1489 4939 opera
1498 4877 1614 4926 institutas
1623 4881 1679 4927 suut
1688 4915 1695 4939 ,
1712 4893 1786 4941 quam

1012 4959 1118 5022 gentium
1128 4960 1153 5008 et
1161 4959 1295 5018 linguarum
1309 4953 1464 5014 dilierentiu,
1475 4953 1517 5002 sed
1526 4966 1581 5002 casu
1591 4954 1696 5016 quodam
1704 4959 1730 5006 et
1739 4941 1785 5006 lor·

1013 5039 1089 5097 tuua;
1102 5034 1161 5098 quin
1179 5035 1250 5083 etiarn
1266 5034 1342 5092 artes,
1362 5030 1498 5088 facultates,
1511 5033 1538 5080 et
1554 5030 1648 5091 studia,
1660 5032 1681 5080 si
1691 5031 1721 5080 ab
1737 5046 1786 5082 uso
