3910 5728
798 391 804 402 .
842 337 877 396 L.
901 331 1013 394 ctttcn
1037 331 1224 392 intuerit!

276 671 319 726 De
333 669 443 742 origine
460 665 645 741 gentisiiom.
660 680 686 720 c.
708 679 742 732 17
763 677 771 718 ε
787 663 925 714 Ascanius
940 675 1015 712 conr-

1411 551 1413 556 ·
1441 518 1468 576 5.

1103 650 1182 705 idem
1192 652 1230 718 11,
1243 648 1280 705 38
1290 661 1318 706 et
1329 651 1366 724 39
1376 651 1535 726 deTarpeiu
1545 651 1645 708 urbem
1656 653 1764 708 Sabinis
1773 671 1840 727 pso·

234 760 319 832 pletis
339 762 368 810 in
390 753 505 812 Lavinio
526 757 642 826 triginta
656 755 741 804 annis
760 749 919 804 recordatus
939 765 1018 802 nortae
1062 737 1157 797 (lente.
1173 739 1242 795 Vide
1256 738 1355 813 snagin.
1368 745 1383 805 l
1397 739 1476 796 Fabii
1490 741 1617 796 Pictoris.

236 846 310 900 urbis
326 843 479 898 condendae
494 851 601 913 tempus
613 839 756 892 advenisse
768 854 807 890 ec
821 853 934 889 numero
947 853 1017 908 por-

237 950 345 999 corum,
360 948 426 1004 quos
435 937 586 1003 pepererat
595 943 642 980 sus
657 925 741 991 alba,
756 927 959 996 circumspectis
971 923 1016 976 di-

238 1019 496 1092 ligenterfinitimis
504 1007 826 1087 regionibus'speculatus
832 1021 951 1065 montem
960 1011 1018 1064 ecli-

238 1119 309 1172 tum,
328 1111 375 1179 qui
385 1123 457 1158 nunc
467 1104 505 1157 ab
518 1121 555 1157 ea
566 1102 643 1170 urbe,
667 1117 732 1174 quce
743 1103 771 1152 in
784 1116 816 1152 eo
829 1098 943 1152 condita
959 1109 1011 1164 est,

238 1193 363 1247 Albanus
372 1201 552 1264 nuncupatim,
566 1192 706 1242 civitatem
717 1188 867 1240 communit
879 1201 888 1236 :
901 1201 1018 1256 eamque

236 1276 391 1350 ensnrma,
410 1279 486 1352 quod
497 1283 539 1332 ita
559 1281 590 1332 in
603 1277 714 1349 longum
724 1283 854 1347 porrecta
866 1283 919 1338 est,
938 1273 1018 1326 lan-

235 1385 315 1440 gam‚
335 1387 372 1422 ee
389 1369 479 1422 colore
491 1369 549 1420 suis
565 1364 669 1418 Albam
683 1363 896 1433 cognominavit.
909 1358 1018 1429 Quum-

236 1473 291 1528 que
301 1456 368 1510 illuc
375 1453 526 1508 simulacra
536 1452 651 1506 deorm
662 1450 811 1504 Penatium
823 1447 1014 1514 transtulisset,

231 1544 369 1616 postridie
385 1541 464 1615 apud
476 1541 620 1596 lavinium
640 1545 856 1612 apparuentnt:
874 1551 1019 1607 rursusque

236 1633 329 1685 relata
335 1629 453 1696 Albam,
470 1631 656 1703 appositisque
664 1622 821 1679 custodibus
833 1625 925 1676 nescio
933 1639 1019 1695 quan·

237 1722 280 1784 tis,
292 1735 322 1771 se
333 1719 476 1772 Lavinium
486 1720 514 1770 in
522 1719 669 1788 pristinam
677 1711 770 1766 sedem
783 1711 932 1764 identidem
944 1727 1019 1764 rece·

234 1817 345 1878 perunt.
365 1807 467 1878 Itaque
480 1809 560 1858 tertio
575 1821 655 1858 nemo
674 1817 757 1854 ausus
769 1809 811 1852 est
828 1815 954 1853 amovere
966 1817 1013 1865 ea,

237 1905 270 1948 ut
277 1899 407 1967 scriptum
421 1903 463 1946 est
476 1893 505 1944 in
519 1891 624 1944 Annali
638 1887 803 1958 Pontificum
816 1887 863 1940 IV
877 1883 928 1962 (i)
950 1887 1013 1954 lib.,

238 1979 328 2035 Cincii
347 1991 375 2034 et
389 1980 510 2035 Coesaris
527 1979 574 2042 11,
603 1975 751 2030 Tuberonis
771 1976 798 2028 l.
821 1973 862 2030 Ct'.
882 1974 1017 2032 Klnusen.

237 2070 354 2124 AEneas.
369 2085 398 2141 p.
414 2063 482 2120 623.

615 2194 642 2231 2.

276 2320 350 2378 Ibid.
367 2339 394 2377 c.
411 2321 445 2374 ιδ
459 2337 466 2373 z
479 2321 546 2374 Post
557 2336 619 2372 eum
633 2317 765 2388 (Silvium
780 2311 961 2391 Postumum)
978 2333 1020 2370 re-

238 2414 334 2484 gnaris
356 2409 481 2462 Tiberius
493 2407 594 2461 Siluius
606 2404 783 2477 Silviifilt'us.
799 2403 855 2475 Qui
866 2421 949 2477 quum
963 2403 1019 2456 ad-

239 2514 328 2551 versus
339 2496 474 2564 finitimos
484 2493 586 2548 betam
600 2489 749 2562 inferentes
758 2496 854 2564 copias
867 2492 1018 2560 edituisset,

239 2589 313 2639 inter
329 2584 494 2657 proeliantes
512 2581 644 2654 depubus
659 2583 687 2633 in
703 2580 838 2634 Albulam
844 2577 955 2649 flumen
969 2579 1020 2632 de-

236 2678 323 2746 periit
335 2672 516 2743 mutandique
529 2673 649 2724 nominis
661 2671 769 2723 exstitit
784 2686 883 2734 eausa,
901 2679 933 2720 ut
947 2671 1019 2722 scri-

239 2761 306 2814 bunt
317 2762 417 2814 luscius
431 2759 543 2815 Cincius
556 2758 604 2812 lib.
618 2759 648 2824 l,
667 2757 794 2811 helanus
804 2756 854 2810 lib.
867 2757 930 2812 III.

277 2850 343 2902 Duo
355 2847 413 2901 bac
426 2845 579 2920 fragmenta
585 2862 655 2898 uum
665 2861 731 2899 vere
742 2843 796 2898 sint
804 2843 840 2900 L.
855 2841 944 2898 Cincii
955 2859 1021 2914 pro·

236 2945 301 3010 pter
307 2933 394 2990 fidem
405 2935 527 2990 auctoris
535 2932 602 2987 libri
614 2933 657 2988 De
670 2939 747 3006 gent.
762 2933 847 2988 Rom.
861 2929 962 2984 merito
973 2949 1020 2985 su·

238 3032 360 3095 spectum
368 3020 492 3076 dubitari
500 3027 603 3092 potest.
613 3017 698 3092 Apud
706 3017 874 3073 Strabonem
880 3017 915 3085 V,
922 3033 953 3088 p.
963 3013 1020 3071 230

237 3111 274 3178 D,
288 3109 337 3163 ubi
352 3104 498 3172 Κεκίλιοςὸ
516 3105 568 3160 τῶν
582 3100 724 3178 Ῥωμαίων
736 3096 899 3180 συγγραφεὺς
919 3100 1020 3157 lauda-

239 3207 296 3267 tur,
309 3215 369 3250 non
384 3191 598 3268 intelligendum
618 3209 676 3247 esse
689 3192 817 3248 Cincium
830 3199 973 3256 nostrum,
988 3200 1020 3243 ut

239 3284 366 3356 lleynius
378 3281 415 3338 ad
429 3281 527 3356 virgil.
541 3280 605 3336 AEu.
618 3295 681 3336 exc.
696 3277 733 3332 ad
746 3277 798 3332 lib.
816 3278 868 3334 v11
883 3274 1018 3347 conjicie-

238 3370 302 3438 but,
321 3369 370 3425 sed
384 3369 504 3426 Coelium
517 3367 708 3440 inopum,
723 3375 801 3420 recte
813 3374 911 3419 mouet
930 3363 1020 3420 Luch-

238 3475 333 3514 mann.
349 3459 392 3512 De
415 3455 498 3528 iontt.
512 3455 575 3510 Liv.
598 3453 627 3521 1,
648 3470 676 3526 p.
699 3449 748 3508 30.
768 3449 811 3510 Cf.
836 3451 932 3510 Hertz.
953 3451 972 3509 i.
996 3451 1016 3510 l.

238 3561 267 3618 p.
283 3561 331 3604 οι.

617 3653 644 3712 3.

279 3793 395 3866 Dionys.
404 3793 469 3849 Hal.
479 3793 503 3862 1,
516 3799 564 3863 74,
573 3811 598 3850 c.
615 3791 667 3863 187
680 3795 715 3852 R.
729 3813 736 3848 ι
748 3790 857 3858 Λούκιος
866 3791 893 3851 il
905 3791 1018 3871 Κίγκιος,

240 3878 308 3957 ἀνὴρ
326 3880 480 3938 sisuinnai
499 3881 666 3958 βουλευτικοῦ
686 3879 832 3960 συνεδρίου,
851 3880 911 3960 περὶ
931 3879 961 3940 τὸ
974 3881 1019 3939 τί·

239 3989 334 4046 capnon
346 3966 401 4033 ἔτος
411 3970 457 4036 τῆς
469 3966 615 4038 δωδεκάτης
625 3967 785 4044 ὀλυμπιάδος
801 3970 933 4044 (Romam
948 3991 1017 4026 cou-

239 4056 455 4130 dtumsutuit).

279 4141 385 4199 Eadem
403 4145 492 4200 Soliu.
515 4161 541 4198 c.
561 4161 590 4212 n,
611 4143 714 4202 Euseb.
729 4144 834 4200 Chion.
847 4163 877 4218 p.
895 4143 952 4199 208
968 4144 1015 4200 ed.

239 4231 319 4300 Mai,
335 4230 457 4304 Syncell.
474 4249 506 4304 p.
523 4230 593 4303 193,
612 4233 649 4286 D.
663 4231 732 4302 Ques
746 4231 783 4287 de
796 4231 878 4304 hujus
891 4233 1017 4306 computi

239 4321 349 4376 ratione
360 4321 484 4395 disputat
501 4321 637 4379 Niebuhr.
652 4323 681 4392 1,
693 4340 762 4396 ²99·
777 4321 850 4390 286,
865 4341 966 4378 vereor
982 4341 1018 4378 ne

241 4411 367 4464 acutiora
376 4411 431 4466 sint
441 4427 525 4483 Qum
537 4409 659 4466 veriora.

615 4552 645 4612 l.

281 4683 370 4746 idem.
388 4685 416 4756 I,
432 4705 484 4760 79,
497 4705 528 4762 p.
542 4705 596 4743 201
611 4689 648 4746 R.
665 4687 701 4743 de
710 4687 769 4743 Iliae
778 4688 886 4746 sobole.
898 4687 968 4745 Vide
980 4688 1015 4762 Q.

240 4773 319 4832 i'ebii
333 4775 451 4830 Pictoris
465 4775 501 4831 sc.
521 4795 546 4831 1.

619 5044 667 5098 ¹..

1438 870 1468 928 6.

1101 991 1182 1045 Idem
1194 992 1223 1044 in
1232 992 1300 1048 Exc.
1317 991 1453 1048 Escorial.
1464 992 1507 1046 De
1516 991 1599 1048 insid.
1611 1009 1636 1048 c.
1651 991 1735 1061 t‚ubi
1748 991 1841 1064 Spurii

1063 1079 1145 1132 Maelii
1153 1078 1269 1132 historia
1279 1095 1333 1132 sec.
1345 1078 1473 1133 Cincium
1482 1088 1511 1132 et
1519 1079 1703 1151 Calpurnium
1714 1080 1842 1134 Pisonem

1062 1167 1226 1239 exponitur.
1247 1165 1319 1221 Vide
1332 1166 1458 1242 Dionysii
1471 1167 1541 1224 Exn.
1560 1168 1656 1224 Escon
1677 1168 1707 1221 in
1719 1175 1789 1222 tom.
1804 1169 1840 1236 11,

1061 1272 1093 1327 p.
1106 1271 1214 1309 xxvnr.

1440 1367 1469 1417 7,.

1103 1471 1198 1527 Livius
1207 1470 1276 1538 v11,
1290 1467 1307 1524 3
1322 1488 1329 1524 :
1344 1471 1404 1524 Lea
1412 1481 1522 1524 vetusta
1532 1481 1573 1524 est
1576 1475 1679 1544 priscis
1690 1473 1775 1524 literis
1783 1490 1845 1525 oer-

1063 1559 1157 1632 bisque
1167 1563 1281 1631 scripta,
1305 1569 1336 1610 ut
1347 1560 1395 1630 qui
1404 1568 1513 1630 proetor
1524 1562 1665 1612 maximus
1676 1563 1728 1624 sit,
1751 1559 1847 1613 Idibus

1063 1647 1264 1720 septembribus
1278 1647 1384 1700 clavum
1391 1656 1515 1721 pungat.
1529 1645 1616 1700 Fixus
1617 1643 1682 1716 suit
1691 1647 1791 1702 dextro
1802 1649 1845 1702 le-

1066 1740 1119 1790 teri
1127 1736 1197 1788 cedis
1203 1735 1280 1790 lovis
1285 1737 1382 1806 optimi
1388 1736 1509 1786 maximi
1516 1751 1552 1786 ex
1559 1753 1614 1806 qua
1620 1745 1703 1808 parte
1711 1734 1846 1788 Minerva

1065 1825 1198 1896 templum
1209 1833 1260 1876 est.
1274 1821 1346 1875 Eum
1360 1821 1479 1886 clavum,
1500 1823 1568 1892 quia
1580 1838 1654 1874 rarae
1664 1839 1718 1892 per
1729 1839 1765 1877 ca
1778 1833 1845 1874 tcm-

1062 1928 1136 1983 pora
1157 1911 1247 1964 literae
1266 1919 1359 1974 erant,
1379 1919 1473 1962 scotum
1489 1912 1598 1961 numeri
1615 1904 1847 1978 annontmsuisse

1060 1995 1159 2068 ferunt
1171 2015 1276 2070 :eoque
1288 1997 1426 2051 Minervae
1436 1995 1538 2068 templo
1546 1995 1669 2050 dicatam
1683 1997 1770 2071 legent
1781 2001 1847 2070 quic

1065 2103 1194 2139 numerus
1207 2085 1347 2138 Minervas
1367 2087 1504 2138 inventum
1522 2086 1569 2136 sit.
1586 2083 1721 2138 Volsiniis
1739 2103 1849 2156 quoquc

1065 2175 1156 2228 clavos
1166 2173 1272 2226 indices
1283 2159 1391 2225 numeri
1399 2187 1535 2224 annorum
1540 2169 1617 2238 fixos
1624 2175 1653 2224 in
1665 2173 1768 2244 templo
1777 2173 1848 2228 Nor

1065 2266 1114 2314 tioe
1127 2261 1251 2314 Etrusca
1262 2261 1325 2313 dece
1335 2276 1495 2331 comparere
1505 2259 1626 2330 diligens
1640 2260 1739 2313 talium
1750 2277 1848 2314 monu-

1065 2360 1216 2403 mentorum
1238 2359 1334 2402 auctor
1356 2346 1470 2402 Cincius
1493 2344 1632 2417 affirmat.
1659 2345 1703 2406 Cf.
1732 2347 1847 2404 Miillet.

1065 2437 1171 2494 Etrusc.
1183 2453 1215 2509 p.
1229 2433 1286 2510 329
1299 2452 1343 2508 sq.
1358 2433 1482 2492 Klausen
1495 2436 1600 2488 AEneas
1609 2451 1641 2508 p.
1659 2452 1746 2496 1010.

1376 2559 1471 2617 ’8.

1104 2695 1199 2752 Livius
1210 2695 1298 2768 XXI,
1314 2693 1351 2750 38
1365 2713 1372 2748 :
1389 2694 1512 2766 Quanta
1524 2699 1615 2768 copioe
1633 2699 1808 2768 transgresso
1821 2701 1850 2750 in

1067 2786 1184 2838 truttam
1197 2782 1355 2838 Hannibali
1364 2779 1489 2852 fuerint,
1513 2800 1687 2855 nequaquam
1702 2787 1776 2838 inter
1797 2803 1851 2840 au-

1065 2883 1150 2925 ctores
1158 2881 1272 2926 constat.
1285 2869 1340 2939 (lui
1346 2871 1513 2943 plurimum,
1533 2880 1639 2924 centnm
1654 2870 1748 2924 millia
1758 2873 1849 2944 pedi-

1066 2970 1132 3024 tum,
1143 2962 1252 3032 viginta
1263 2953 1476 3030 equitumfuisse
1484 2957 1618 3024 scribunt,
1630 2962 1679 3030 qui
1688 2962 1845 3026 minimum,

1064 3051 1166 3121 viginti
1173 3046 1402 3120 milliapeditum,
1416 3063 1467 3100 sese
1477 3050 1609 3118 equitum.
1621 3047 1651 3100 L
1660 3046 1775 3100 Cincius
1784 3049 1852 3102 Att-

1065 3146 1179 3201 mentus,
1190 3139 1388 3208 quicaptumse
1396 3129 1434 3188 ab
1441 3133 1602 3188 Harmibale
1607 3134 1709 3200 scribit,
1721 3140 1852 3190 manime

1065 3235 1162 3278 auctor
1182 3239 1226 3278 mc
1249 3232 1377 3288 moveret,
1405 3225 1460 3276 nisi
1482 3205 1663 3292 confunderet
1684 3240 1849 3290 numerum,

1066 3312 1164 3368 Gallis
1207 3309 1405 3384 Liguribusque
1418 3309 1544 3364 muns:
1564 3307 1686 3364 cumbis
1704 3316 1852 3382 octoginta

1065 3401 1155 3454 millia
1157 3397 1299 3470 peditum,
1308 3395 1403 3450 decem
1412 3400 1533 3470 equitum
1542 3396 1830 3454 adductainltaliam
1842 3416 1851 3450 :

1064 3483 1173 3562 (magis
1186 3481 1331 3556 affluxisse
1340 3483 1492 3538 verisimile
1503 3493 1558 3550 est,
1570 3495 1598 3538 et
1612 3487 1653 3536 ita
1666 3483 1784 3556 quidam
1797 3503 1853 3538 au—

1062 3587 1149 3630 ctores
1166 3571 1248 3648 sunt)
1269 3591 1280 3626 .·
1298 3589 1336 3626 ec
1358 3575 1418 3644 ipso
1438 3581 1531 3626 autem
1544 3571 1655 3625 audisse
1667 3570 1850 3636 Hannibale,

1060 3674 1206 3736 postquam
1215 3658 1383 3715 Rhodanum
1398 3657 1550 3726 iranst'erit,
1570 3663 1685 3732 triginta
1692 3675 1748 3712 sex
1759 3661 1855 3714 millia

1063 3749 1222 3816 bominum,
1238 3749 1432 3818 ingentemque
1444 3763 1586 3800 numerum
1598 3764 1731 3818 equorum
1743 3759 1774 3801 et
1784 3749 1854 3800 alio·

1062 3855 1122 3891 rum
1130 3842 1318 3908 jumentorum
1327 3838 1469 3903 amisisse,
1481 3837 1510 3887 in
1521 3834 1661 3900 Taurinis,
1678 3851 1746 3906 quae
1759 3835 1856 3890 Gallis

1059 3929 1196 3998 proxima
1205 3939 1276 3994 gens
1287 3933 1360 3989 erat,
1378 3925 1407 3974 in
1416 3921 1535 3974 ltaliam
1547 3922 1717 3994 degressum.

1107 4035 1118 4061 n
1136 4011 1187 4068 Vel
1199 4009 1328 4064 consulto
1341 4007 1433 4063 selah
1446 4007 1604 4064 Hannibale
1614 4007 1772 4081 deceptum
1786 4009 1856 4065 falsa

1062 4098 1103 4153 ibi
1115 4096 1225 4152 tradere
1238 4095 1365 4152 Cincium
1379 4094 1548 4148 inanimum
1567 4094 1622 4150 sibi
1636 4093 1755 4150 induxit
1771 4113 1856 4151 sum-

1062 4204 1123 4240 mus
1132 4183 1257 4242 Gibbon.
1266 4181 1499 4258 (tidiscellancous
1507 4182 1603 4250 moris,
1614 4193 1684 4240 tom.
1694 4183 1737 4258 11,
1746 4202 1779 4258 p.
1797 4182 1854 4240 186

1061 4289 1124 4345 sqq.
1136 4269 1164 4346 i,
1180 4270 1310 4326 hebetus
1323 4287 1339 4324 a
1353 4269 1536 4326 Lachmanuo
1550 4269 1571 4328 l.
1587 4269 1608 4327 l.
1622 4271 1666 4340 ΙΙ,
1683 4288 1716 4343 p.
1735 4271 1790 4342 16,
1804 4273 1857 4344 qui

1062 4369 1162 4414 contra
1181 4357 1399 4432 ingeniosissima
1418 4355 1608 4430 disputatione
1622 4359 1728 4414 evincit
1751 4377 1787 4432 p.
1804 4357 1856 4428 81,

1062 4465 1122 4502 nou
1132 4445 1261 4502 Cincium
1270 4445 1317 4499 hic
1325 4461 1446 4519 measse,
1455 4443 1506 4514 sed
1517 4445 1627 4502 livium
1638 4463 1738 4520 grtcae
1748 4446 1858 4521 lingua

1063 4533 1204 4611 imperitia
1214 4531 1326 4604 Polybii
1339 4531 1428 4586 verba
1438 4533 1623 4588 inconsultius
1639 4550 1858 4607 nonnunquam

1062 4629 1228 4688 vertentem,
1236 4620 1266 4672 in
1273 4619 1361 4674 Cincii
1368 4635 1485 4692 quoque
1490 4619 1626 4674 sententia
1634 4619 1858 4692 interpretanda

1062 4705 1171 4780 lapsum
1183 4723 1250 4762 esse.
1267 4705 1345 4778 Quos
1358 4706 1434 4760 euim
1448 4703 1562 4764 Cincius
1581 4707 1634 4780 ipsi
1648 4705 1755 4761 tabula
1766 4707 1859 4763 Laci-

1062 4794 1152 4848 niensi
1168 4793 1204 4848 ab
1225 4793 1383 4849 Hannibale
1397 4793 1562 4867 conscripta
1576 4791 1695 4868 (Polyb.
1709 4795 1774 4862 111,
1796 4793 1857 4870 33)

1064 4881 1238 4937 consentiens
1252 4898 1288 4936 ex
1301 4881 1435 4954 Hispania
1446 4881 1477 4935 in
1488 4881 1596 4936 Italiam
1608 4879 1759 4955 proiectos
1771 4881 1859 4938 dixe-

1061 5041 1114 5090 ium
1126 5039 1275 5103 olympiadis
1286 5040 1435 5091 duodecima
1446 5043 1549 5092 Romam
1562 5041 1647 5093 urbem
1659 5041 1792 5095 conditam
1804 5059 1859 5118 ense

271 5127 1017 5193 Luciuscincius‚rirexordineseuuiorio‚circaunnumquer·
1060 5117 1152 5168 milii·
