3910 5728
792 329 1034 390 FRAGMENTA.
1656 343 1693 392 8³

101 456 204 526 justum
218 457 387 528 plerumque
398 455 483 508 secuti
497 455 585 510 sint...
604 454 710 510 Deinde
724 455 746 507 si
760 453 880 525 Quintus
925 454 1084 526 hlacrobio,
1100 455 1241 510 Prisciano
1253 455 1317 509 satis
1331 455 1432 509 diserte
1446 455 1556 508 citatur.
1573 457 1709 528 Denique·-

101 553 195 598 noster
215 543 320 598 Fabius
339 559 429 614 grace
450 543 577 615 scripsit,
597 541 678 596 facile
702 541 878 614 perspicitur,
927 541 1045 594 Fabium
1065 548 1280 612 grammaticum
1297 541 1328 614 [i]
1349 541 1475 614 intelligo
1491 541 1566 614 apud
1580 545 1700 598 Victori-

102 650 150 684 rur
162 647 218 702 per
238 629 341 684 talenta
356 625 432 704 (liv.
447 629 474 697 l,
489 623 541 702 55)
553 630 699 700 pecuniam
717 629 881 698 numerarit,
925 644 993 680 num
1010 624 1064 698 (ir.
1087 625 1173 700 31)...
1191 629 1283 682 Restat
1297 637 1329 682 ut
1343 625 1494 682 dicendum
1514 628 1548 680 sit
1561 627 1597 682 de
1612 629 1701 684 histo-

101 717 257 788 afieratqne
278 733 368 770 annos
389 713 596 786 Olympiadem.
616 716 707 770 Porro
732 716 882 787 Dionysius
913 711 977 766 'rici
1001 715 1089 768 nostri
1109 715 1284 770 anctoritate.
1306 711 1401 768 Livius
1418 731 1481 768 eum
1500 716 1538 770 ita
1562 715 1712 770 interdum

102 804 128 868 l,
142 803 160 856 6
175 812 308 856 auctores
319 818 383 856 suos
393 801 553 868 nominans,
565 799 614 856 sed
626 819 674 856 eos
685 800 879 868 solummodo,
926 811 1069 854 auctorem
1090 801 1216 873 exhibet,
1238 811 1270 856 ut
1290 801 1437 874 permagni
1459 800 1549 857 iacere
1574 802 1702 857 videatur

102 891 150 961 qui
159 889 247 944 latine
255 889 432 960 scripserant,
441 897 584 940 auctorem
592 885 661 940 dicit
668 885 785 942 Fabium
794 886 879 940 lilari-
929 884 980 962 (cl.
993 885 1028 943 fr.
1044 887 1088 942 16.
1107 889 1164 958 19).
1177 889 1312 960 Dionysio
1323 897 1389 942 teste
1398 887 1493 959 plures
1502 889 1581 941 illum
1593 891 1713 961 antiqui·

102 995 195 1044 mum,
210 994 272 1030 non
288 975 428 1044 Quintum
440 972 558 1027 Fabium
573 974 714 1028 Pictorem
727 973 881 1046 semi-grae-
927 972 1051 1027 historici
1063 975 1149 1028 secuti
1164 984 1245 1044 sunt,
1261 975 1310 1046 qui
1323 971 1387 1028 6ἀεί
1401 976 1515 1028 nomine
1529 975 1563 1028 ab
1577 973 1642 1046 ipsis
1652 993 1704 1030 ve·

103 1081 176 1118 eum.
188 1061 374 1116 Recentinres
383 1077 451 1114 vero
459 1059 608 1128 Fabii,vel
621 1061 739 1115 Pictoris
747 1060 790 1114 vel
799 1058 880 1116 Fabii
929 1058 1033 1114 teribus
1051 1061 1149 1133 saepius
1168 1060 1346 1115 celebrantur
1371 1058 1417 1132 (ν.
1437 1060 1472 1116 ir.
1490 1057 1532 1134 ι).
1554 1062 1618 1133 lpse
1633 1079 1702 1116 vero

103 1149 222 1203 Pictoris
233 1147 390 1220 fragmenta
406 1144 443 1201 ad
457 1147 592 1216 Quintum
607 1145 726 1200 Fabium
743 1145 882 1200 Pictorem
928 1147 1076 1218 Dionysius
1090 1147 1231 1202 interdum
1242 1146 1300 1217 ejus
1311 1145 1397 1202 fidem
1409 1147 1576 1221 exprobrat,
1588 1157 1620 1202 ut
1633 1147 1669 1202 ir.
1686 1148 1715 1202 δ’

104 1237 197 1289 omnia
212 1234 384 1300 retulerunt,
394 1251 452 1286 non
467 1233 523 1286 ulla
537 1231 572 1286 de
584 1249 665 1286 causa
676 1232 727 1286 alia
740 1233 792 1286 nisi
804 1231 883 1303 quod
929 1242 956 1286 et
980 1251 1015 1305 7,
1033 1234 1082 1287 ubi
1099 1233 1280 1306 reprehendit
1298 1229 1327 1288 τὸ
1350 1229 1462 1310 ῥᾴθυμον
1481 1233 1559 1288 αὐτοῦ
1581 1231 1641 1310 περὶ
1656 1232 1704 1302 τὴν

105 1325 160 1376 sine
171 1321 265 1376 dubio
276 1319 465 1374 nobilissimus
474 1319 520 1374 ille
529 1319 677 1374 historicus
686 1316 884 1392 intelligendus
930 1315 1043 1384 ἐξέτασιν
1064 1321 1115 1374 τῶν
1133 1317 1241 1396 χρόνων.
1256 1321 1324 1375 Aliis
1344 1329 1438 1374 tamen
1458 1321 1487 1374 in
1503 1321 1573 1374 locis
1593 1324 1717 1376 summis·

106 1420 179 1467 essct.
190 1409 236 1462 Ita
249 1425 320 1462 vero
331 1405 488 1462 ratiocinati
500 1405 588 1460 varias
598 1415 626 1459 et
640 1407 712 1458 inter
721 1423 778 1460 sese
790 1403 883 1458 diver·
931 1405 1058 1462 laudibus
1070 1405 1162 1478 essert,
1175 1417 1206 1460 ut
1216 1406 1250 1462 ir.
1269 1426 1312 1461 ιι.
1326 1407 1430 1462 Contra
1442 1407 1576 1479 Polybius
1590 1405 1641 1482 (6.
1657 1405 1702 1464 15'.

106 1515 143 1550 sas
156 1494 336 1564 conjecturas
344 1493 537 1565 protulerunt,
548 1509 635 1546 unum
650 1492 801 1546 alterumve
812 1493 885 1574 testi·
934 1491 979 1546 16.
997 1491 1045 1565 18)
1058 1493 1139 1547 valde
1152 1494 1180 1546 in
1192 1511 1256 1546 eum
1274 1493 1425 1548 invehitur.
1440 1494 1621 1548 Recentiores
1637 1511 1705 1548 vern
1810 1483 1818 1499 ’

107 1583 234 1635 monium
248 1589 377 1634 veterum
391 1589 423 1632 ut
434 1579 559 1650 ineptum
568 1577 737 1648 rejicientes,
748 1579 792 1632 vel
801 1579 885 1632 mira·
930 1578 1017 1632 modo
1029 1580 1115 1635 Fabio
1130 1579 1216 1633 modo
1233 1580 1353 1650 Polybio
1368 1581 1458 1652 longis
1472 1579 1707 1652 disputationibus

108 1667 173 1722 bilia
188 1666 326 1721 etiamin
346 1665 436 1718 lucem
456 1663 639 1736 proferentes.
661 1666 698 1718 At
719 1665 781 1735 quis
793 1681 886 1735 quaeso
930 1663 1014 1720 fidem
1036 1665 1221 1740 derogantes,
1245 1665 1377 1722 videntur
1398 1667 1466 1720 mihi
1490 1664 1599 1735 fluetus,
1624 1669 1716 1740 quod=

108 1764 236 1808 veterum
245 1752 382 1823 Quintum
393 1751 510 1806 Fabium
522 1751 673 1804 Fabiorum
684 1750 886 1804 nobilissimum
931 1752 1022 1820 olunt,
1045 1752 1074 1804 in
1090 1753 1210 1825 simpulo
1233 1753 1373 1810 excitasse.
1397 1753 1441 1807 nb
1462 1770 1560 1807 errore
1582 1755 1657 1808 enim
1678 1772 1721 1808 se¹

108 1841 275 1913 scriptorem
290 1837 378 1893 dixit?
397 1837 511 1891 Utinam
526 1835 677 1890 nobilitatis
694 1833 777 1906 hujus
799 1854 885 1908 argu-
932 1839 1054 1892 alienum
1068 1855 1125 1893 esse
1140 1857 1223 1894 nemo
1237 1839 1407 1907 contendet,
1420 1840 1554 1911 Polybius
1568 1851 1661 1895 nutem
1675 1853 1719 1896 ut·
1762 1905 1765 1912 ‚

108 1937 201 1980 menta
225 1924 395 1980 attulissent!
411 1923 522 1977 Scilicet
543 1922 636 1976 omnia
647 1921 683 1976 ad
704 1922 778 1975 hunc
799 1940 886 1976 unum
932 1925 962 1976 in
975 1925 1034 1978 aliis
1047 1924 1146 1997 rebus,
1166 1927 1204 1980 itu
1218 1927 1302 1980 etiam
1315 1927 1526 1998 inscriptorum
1540 1929 1722 1982 auctoritate·

109 2011 293 2066 referentibus
313 2009 461 2064 ridebatur
479 2025 535 2063 esse
554 2008 716 2081 pernobilis.
740 2007 798 2063 Nec
819 2027 886 2062 vero
932 2010 1116 2083 ponderanda
1137 2021 1165 2066 et
1187 2011 1369 2066 examinanda
1389 2013 1471 2065 nimis
1494 2029 1603 2068 severus
1620 2013 1722 2084 judex*

109 2099 230 2165 Gellius,
244 2099 294 2170 qui
303 2100 336 2165 V,
349 2103 365 2162 h
378 2095 457 2151 Fabii
468 2095 579 2150 annales
587 2095 668 2148 bonae
682 2106 765 2166 atque
775 2096 887 2149 sincerae
933 2108 987 2164 est,
1002 2098 1174 2170 omninoque
1187 2117 1246 2154 non
1262 2101 1321 2153 sine
1334 2099 1430 2170 aliquo
1446 2099 1585 2154 lectorum
1599 2099 1708 2156 fastidio
1721 2128 1724 2138 ·

109 2185 253 2239 vetustatis
273 2183 362 2238 libros
385 2191 484 2248 vocet,
506 2198 619 2236 movere
639 2199 691 2235 nos
711 2183 832 2254 poterit,
857 2193 889 2236 ut
934 2184 964 2236 in
975 2183 1045 2237 tritis
1058 2201 1089 2237 ac
1103 2184 1266 2256 vulgaribus
1276 2184 1538 2238 ratiocinationibus
1549 2196 1576 2240 et
1586 2187 1722 2242 auctori·v

110 2272 248 2342 Quintum
258 2271 378 2328 Fabium
388 2269 606 2342 antiquissimum
617 2269 782 2342 scriptorem
793 2269 890 2324 intelli·
934 2268 986 2323 bus
1000 2268 1235 2342 reprehendendis
1255 2271 1425 2326 commorari
1447 2271 1527 2327 solet.
1542 2271 1598 2326 Sed
1618 2283 1712 2328 tamen

110 2377 224 2430 gamus,
249 2357 487 2427 clarissimumque
508 2364 651 2428 putemus,
676 2373 764 2426 quum
787 2355 888 2410 codem
935 2356 1077 2429 omnium,
1100 2374 1171 2428 quos
1192 2353 1259 2410 fidei
1273 2357 1389 2410 nomine
1407 2356 1603 2430 reprehendit,
1623 2359 1711 2414 Fabio

111 2446 200 2498 ferme
226 2444 343 2498 nomine
367 2442 404 2496 ab
429 2440 529 2498 eodem
552 2451 667 2496 auctore
694 2441 890 2496 collaudentur
934 2442 1052 2496 maxime
1064 2443 1201 2515 pepercit.
1217 2443 1287 2498 Nam
1301 2441 1335 2495 l'r.
1352 2439 1386 2496 ιδ
1403 2442 1439 2497 de
1453 2443 1542 2498 Fabio
1557 2455 1584 2498 ct
1598 2445 1710 2499 Philino

110 2533 231 2602 Quintus
238 2529 373 2586 Claudius
382 2529 445 2604 (IX,
456 2525 500 2604 13)
514 2529 671 2602 Luciusque
680 2529 742 2582 Piso
753 2527 815 2600 (Xl,
832 2529 888 2604 ιι).
937 2525 1039 2582 fatetur
1056 2547 1063 2581 :
1079 2525 1184 2590 ἑκόντας
1205 2524 1251 2600 μὲν
1266 2516 1309 2584 οὖν
1329 2527 1452 2604 ἐψεῦσθαι
1472 2525 1530 2592 τοὺς
1550 2527 1643 2606 ἄνδρας
1663 2530 1726 2607 οὐχ,
1762 2557 1765 2562 ·

111 2621 245 2674 Similiter
254 2629 346 2674 autern
357 2613 558 2673 recentioresde
568 2617 890 2690 fragmentisquaeCincii
938 2609 1129 2684 inobaudiens.
1158 2615 1230 2668 Tum
1252 2614 1370 2670 Fabium
1394 2615 1434 2668 ait
1454 2615 1489 2670 de
1511 2615 1584 2675 bello
1606 2619 1712 2672 Punico

112 2725 216 2762 nomeu
225 2705 348 2772 babent,
360 2703 531 2776 judicarunt.
544 2705 673 2776 Denique
684 2704 741 2758 haec
754 2703 789 2758 de
799 2704 891 2762 Fabiis
936 2698 1028 2771 primo
1040 2699 1132 2755 videri
1146 2696 1322 2776 ἐμπειρότατα
1339 2701 1494 2774 scripsisse,
1512 2721 1640 2776 saepeque
1661 2707 1713 2760 etsi

112 2794 249 2848 sentemia
261 2801 359 2846 nonna
376 2789 457 2846 valde
470 2807 499 2845 se
512 2788 575 2844 ideo
596 2787 789 2855 commendat,
813 2789 891 2862 quod
936 2803 995 2839 non
1007 2785 1121 2858 latetur,
1135 2785 1193 2856 ejus
1205 2789 1382 2860 potissimum
1395 2790 1562 2843 auctoritate
1576 2791 1651 2843 nisus
1662 2801 1711 2848 est.

112 2881 203 2951 posin
213 2896 245 2933 ea
258 2877 332 2932 nulli
342 2887 469 2931 veterum
483 2876 638 2930 testimonio
649 2873 717 2928 [ides
728 2873 890 2948 derogatur,
936 2871 1101 2944 Negandum
1119 2881 1212 2927 tamen
1227 2891 1285 2926 non
1298 2883 1355 2940 est,
1369 2873 1400 2926 id
1415 2873 1495 2946 quod
1513 2877 1643 2930 Romano
1660 2877 1715 2930 ho-

113 2981 169 3018 nen
181 2982 260 3018 norae
278 2974 307 3018 et
323 2961 454 3017 inauditae
467 2980 511 3016 res
528 2961 721 3037 proferuntur.
740 2961 892 3034 Omnisque
938 2959 1004 3012 mini
1014 2960 1219 3032 eiquepatricio
1227 2979 1285 3014 non
1292 2979 1464 3034 magnopere
1472 2962 1603 3034 imputari
1613 2965 1714 3033 velim,

114 3053 230 3105 omniuo
238 3051 296 3106 boc
305 3049 395 3104 modo
406 3049 540 3104 dilabitur
552 3047 714 3118 difficultas,
726 3049 779 3103 nisi
789 3049 892 3122 quibus
938 3063 1034 3100 amore
1043 3063 1108 3100 eum
1117 3046 1147 3098 in
1155 3046 1305 3118 populares
1320 3047 1437 3102 ductum
1445 3065 1508 3102 cum
1520 3049 1617 3104 ceteris
1625 3050 1714 3105 histo·

114 3135 208 3191 Fabiis
223 3154 316 3211 panca
328 3135 457 3210 quaedam
471 3135 623 3210 fragmenta
637 3145 713 3190 recte
727 3134 891 3192 tribuamus.
939 3134 1002 3188 ricis
1013 3133 1133 3188 Romani
1145 3134 1246 3206 populi
1260 3133 1331 3189 iacta
1341 3144 1509 3207 gentemque
1523 3135 1638 3190 Fabiam
1652 3139 1729 3191 satis*

115 3223 239 3278 Dubium
252 3236 348 3279 tamen
368 3223 437 3276 mihi
452 3241 512 3276 non
526 3233 581 3292 est,
596 3223 665 3294 quin
685 3223 789 3292 Quinto
807 3223 894 3278 Fabio
939 3220 1216 3287 celebrasse;rerum
1227 3238 1260 3276 ne
1270 3221 1300 3274 in
1309 3220 1446 3291 ejusmodi
1460 3221 1575 3293 quidem
1586 3223 1715 3278 laudibus

115 3311 221 3366 Pictorr'
231 3311 329 3366 easint
341 3307 519 3378 vindicanda,
531 3327 593 3380 qua
604 3309 736 3366 exhibent
750 3309 892 3381 Polybius,
939 3306 1112 3378 injustiorem
1125 3325 1189 3362 eum
1202 3305 1301 3376 fuisse,
1315 3305 1402 3363 iidem
1415 3307 1520 3362 iaciunt
1534 3327 1578 3378 ea,
1593 3327 1654 3381 quae
1669 3313 1716 3365 Li-

115 3397 224 3466 uvius,
233 3396 399 3468 Dionysius,
411 3395 582 3464 Plutarchus,
594 3395 756 3467 Eutropius,
768 3395 892 3463 Orosius,
939 3394 985 3446 vio
1000 3403 1068 3448 teste
1088 3391 1140 3468 (fr.
1159 3392 1206 3468 13)
1228 3394 1264 3450 de
1285 3395 1372 3450 Fabio
1393 3395 1525 3450 Rulliano
1545 3409 1716 3456 narraverat.

117 3485 229 3540 Solinus
238 3497 268 3540 et
280 3483 426 3556 Syncellus
437 3481 471 3537 de
482 3499 556 3536 auno
570 3481 646 3535 urbis
659 3481 779 3535 conditae
794 3481 891 3553 dispu-
942 3479 1126 3535 liumdentum
1141 3499 1210 3536 vero
1223 3475 1290 3536 6ἀεί
1303 3491 1331 3536 et
1342 3483 1517 3536 auctoritatis
1529 3485 1717 3538 testimonium

118 3585 185 3630 tans.
201 3571 248 3626 Ad
270 3571 395 3626 Servium
410 3569 529 3623 Fabium
549 3570 686 3623 Pictorem
707 3567 815 3636 relero,
833 3585 894 3640 quae
941 3577 998 3638 est,
1012 3567 1092 3640 quod
1102 3569 1216 3642 plurimi
1227 3570 1378 3641 scriptores
1389 3569 1464 3623 hune
1474 3569 1526 3624 sibi
1537 3573 1657 3626 maxime
1669 3553 1732 3630 aua*

118 3659 269 3714 laudantur
280 3657 509 3728 aQuinetiliano,
522 3655 625 3728 Gellio,
635 3654 789 3722 lllacrobio,
802 3655 894 3722 Festo,
941 3665 1045 3709 ctorem
1055 3654 1212 3728 elegerunt,
1224 3655 1294 3709 inter
1306 3673 1379 3727 quos
1389 3665 1430 3710 est
1441 3656 1537 3725 etiam,
1550 3673 1634 3729 quem
1646 3677 1720 3712 non-

118 3748 226 3814 Nonio,
248 3745 349 3801 Servio
370 3742 406 3797 ad
422 3743 526 3816 Georg.
546 3743 575 3810 l,
592 3760 639 3798 ar.
658 3743 741 3796 Hunc
761 3739 897 3816 signifieat
941 3741 1512 3814 dumaominavimus,Plutarchns,quiad
1524 3745 1730 3800 alletoritatem·

117 3835 201 3888 etiam
220 3833 322 3890 Cicero
341 3831 382 3886 De
398 3839 510 3884 oratore
523 3829 566 3898 ΙΙ,
585 3847 618 3882 ιι
636 3829 694 3896 bis,
710 3839 737 3883 et
758 3830 801 3882 De
822 3829 895 3902 legg.
942 3829 1000 3900 ejus
1017 3839 1154 3902 provocat
1175 3832 1204 3884 in
1225 3830 1349 3884 Romulo
1362 3849 1387 3884 c.
1405 3837 1438 3896 ιί,
1455 3829 1502 3902 (fr.
1524 3826 1580 3904 3,),
1597 3832 1730 3904 dicitque*

117 3922 141 3990 l,
158 3939 187 3976 a.
200 3917 372 3991 Quanquam
383 3933 447 3988 quae
457 3916 560 3972 Gellius
572 3913 617 3990 (V,
632 3915 663 3990 1,)
674 3915 785 3970 exhibet
795 3932 828 3969 ex
839 3919 898 3970 An-
942 3915 1053 3972 dnobus
1065 3917 1134 3972 locis
1143 3917 1287 3990 prioribus
1298 3917 1306 3994 (
1318 3919 1403 3972 Rom.
1418 3935 1442 3973 c.
1457 3915 1472 3970 3
1484 3927 1514 3971 et
1528 3916 1561 3986 83
1574 3937 1602 3974 v.
1617 3920 1721 3974 Dioclis

116 4008 345 4078 salsurus,quum
357 4001 473 4060 Fabium
482 4003 643 4076 simpliciter
655 4011 795 4056 auctorem
806 4004 897 4062 uomi-
942 4003 976 4057 ir.
999 3999 1031 4078 a)
1057 4013 1201 4059 auctorem
1224 4013 1322 4058 nostro
1347 4003 1429 4058 fuisse
1449 4004 1577 4058 Dioclem
1598 4006 1721 4076 Pepare-

117 4105 181 4162 net,
210 4093 294 4148 iacile
315 4089 456 4146 etiamad
478 4091 594 4146 Fabium
618 4091 769 4146 Maximum
794 4089 899 4145 referre
944 4091 1062 4146 thium·
1077 4091 1142 4144 llaec
1155 4091 1308 4147 Kasossos.
1319 4089 1360 4145 Cf.
1368 4092 1525 4164 baumgart.
1535 4093 1578 4144 De
1588 4092 1621 4160 Q.
1632 4091 1721 4147 Fabio

117 4183 217 4254 posis.
228 4181 303 4236 Tum
312 4196 375 4251 quae
389 4175 508 4232 asserunt
518 4177 633 4245 Strabo,
645 4175 802 4243 Diodorus,
815 4177 899 4231 Nico·
942 4179 1010 4231 Pict.
1026 4177 1170 4234 Vratislav.
1188 4175 1279 4246 silla,
1301 4195 1359 4250 quo
1377 4179 1482 4252 scripto
1501 4179 1542 4230 uti
1557 4195 1616 4230 non
1636 4167 1733 4232 licuit.⁶

118 4270 181 4324 laus
188 4271 388 4334 Βιιιιιιειιιιιτ,
398 4265 510 4331 Plinius,
519 4265 666 4318 Serviusin
677 4265 741 4322 AEn.
752 4264 818 4328 XII,
832 4262 899 4331 603,

119 4355 280 4428 Amobius,
288 4351 388 4408 suidas
394 4349 649 4424 Syncellusaltero
657 4349 721 4402 loco
724 4358 899 4420 ,auctorque

118 4443 186 4496 libri
206 4443 251 4498 De
272 4440 384 4514 origine
402 4437 492 4510 gentis
515 4437 664 4535 Romanae,
686 4437 731 4488 oui
752 4433 900 4490 tribuenda

119 4531 191 4600 sint,
199 4529 270 4583 nolo
278 4525 440 4580 discernere
447 4522 897 4596 ,quamvissinonomnibusillis,
1321 4523 1346 4558 ¹·

1240 4309 1423 4338 ——ooufi-

1062 4390 1096 4459 Q.
1117 4389 1216 4444 FABII
1238 4389 1405 4446 PICTORlS
1426 4389 1601 4446 ANNALES.

119 4628 149 4669 at
165 4615 307 4714 plerisque
322 4613 391 4667 locis
404 4609 536 4682 Quintum
550 4609 668 4666 Fabium
688 4607 900 4682 intelligendum
983 4607 1133 4679 Dionysius
1146 4609 1210 4666 Hal.
1227 4611 1292 4665 Ant.
1313 4609 1440 4674 Rom.,l
1461 4626 1510 4679 9,
1531 4625 1561 4680 p.
1587 4610 1722 4668 sotii..
1716 4623 1736 4644 ··

119 4703 254 4801 suspica.
262 4702 400 4754 Nurrrerro
409 4698 498 4751 Fabro
508 4697 611 4752 Pictorr
623 4713 709 4750 unum
719 4695 813 4749 locum
822 4695 898 4750 Cice·
948 4688 1041 4767 [lepti
1027 4687 1116 4748 δὲτῶν
1129 4691 1220 4750 ἐντῶν
1233 4691 1312 4756 Ιλιας
1323 4689 1465 4802 γινομένων
1481 4691 1633 4756 Κόϊντος
1605 4715 1651 4766 μεν
1662 4693 1734 4752 ‘ltu‘

119 4807 273 4842 romanum
285 4785 382 4842 tnbno
393 4785 435 4838 De
446 4783 519 4856 legg
531 4783 554 4850 1,
562 4800 609 4836 ar.
622 4782 728 4858 Quarto
739 4783 804 4836 loco
814 4781 900 4852 Qum
947 4775 1001 4842 ὄιος
1022 4777 1158 4856 δΠίκτωρ
1173 4766 1361 4856 λεγόιιενοςῇ
1341 4799 1363 4833 ω
1384 4775 1492 4844 Λεύκιός
1510 4801 1538 4836 τε
1555 4778 1661 4856 Κίγκιος
1682 4777 1727 4837 καὶ

121 4889 164 4928 un
179 4876 283 4929 Fabius
292 4875 440 4928 Maximus
450 4869 619 4924 Seruilianus
628 4867 754 4941 pontifex
768 4868 901 4935 aServio,
948 4864 1043 4924 Κάτων
1055 4864 1168 4943 Πόρκιος
1179 4865 1224 4922 καὶ
1238 4863 1342 4944 Πείσων
1359 4864 1539 4944 Καλπούρνιος
1553 4865 1646 4924 roi*
1612 4891 1663 4924 των
1679 4867 1727 4924 tl-

505 5038 531 5088 1
703 5007 706 5012 Ι
903 5040 1028 5089 Pictor
1039 5039 1238 5102 vocaturlquem
1245 5039 1333 5091 Luctus
1342 5040 1448 5103 crncrus
1456 5042 1554 5092 Porcius
1565 5045 1625 5090 calo
1634 5044 1658 5090 et
1669 5043 1727 5092 Cal

153 5125 227 5182 morl
238 5125 324 5174 attinet
335 5121 367 5171 ad
380 5119 443 5170 lilios
453 5131 483 5168 es
502 5117 544 5167 llia
557 5119 639 5178 natos,
652 5117 756 5176 Quintus
768 5115 853 5166 l'ahius
864 5117 905 5178 qul
949 5115 1047 5177 purnius
1059 5116 1112 5165 Piso
1128 5119 1152 5165 et
1166 5116 1311 5176 reliquorum
1328 5116 1472 5179 scriptorum
1494 5115 1600 5180 plerique
1617 5120 1672 5166 sunt
1689 5131 1727 5167 se·
