3886 5740
377 351 643 414 enucleantes.
670 349 878 410 assuctus.
902 345 1224 408 ASCLEPIODOTUS.
1242 349 1416 409 zenonis.

211 521 587 609 CALLICRATES
610 517 828 605 TYlilUS.

188 699 252 774 rna
272 698 360 758 vrrs
380 698 575 770 accusans
595 694 831 768 susanna.)

166 839 276 895 Flavius
290 839 425 910 Vopiscus
442 837 538 893 Aurei.
554 855 579 892 c.
599 841 614 900 l
632 853 639 892 :
656 837 779 890 Matrem
794 835 904 908 quidem

125 929 190 993 ejus
214 921 388 998 (Aureliani)
414 925 578 978 Callicrates
608 907 716 993 Tyrius,
748 921 905 975 Graecomm

127 1013 393 1082 hagedoctissimus
403 1015 527 1084 scriptor,
544 1009 714 1067 sacerdotem
730 1007 907 1080 templiSolis

127 1103 159 1150 in
170 1115 202 1150 eo
213 1101 291 1162 vico,
311 1101 340 1149 in
354 1115 409 1168 quo
420 1095 588 1150 babitabant
594 1110 740 1170 parentes,
749 1092 843 1165 fuisse
856 1095 905 1147 di-

126 1189 181 1248 clt,
206 1183 334 1237 berbuissc
353 1189 419 1256 quin
440 1189 525 1238 etiam
550 1183 681 1238 nonnilril
706 1183 900 1247 divinationis,

83 1321 88 1328 .
127 1269 201 1325 arico
222 1271 420 1342 utaliquando
434 1275 533 1324 marito
546 1291 593 1324 suo
606 1276 726 1342 Jurgans
746 1275 900 1342 ingesserit,

127 1375 213 1430 quum
239 1367 299 1428 ejus
319 1370 347 1411 et
360 1361 505 1412 stultitiam
530 1361 684 1430 increparet
703 1359 900 1424 civilitatem,

127 1470 141 1494 ι
159 1443 201 1499 En
220 1449 393 1517 imperatoris
398 1452 529 1518 patruum
548 1469 560 1493 υ
580 1464 618 1499 ea
629 1464 682 1516 quo
703 1456 811 1499 constat
826 1447 905 1498 illam

1660 359 1717 410 865

946 494 1012 556 ptus
1035 497 1131 538 auctor
1153 490 1194 538 ita
1215 487 1313 538 eadem
1332 496 1362 537 ut
1380 496 1443 538 sunt
1457 487 1559 550 latine,
1578 490 1638 540 suis·
1657 491 1726 539 scri·

944 573 1004 644 ptis
1032 575 1163 637 inseruit,
1201 573 1319 626 tacenda
1341 589 1399 626 esse
1423 589 1478 626 non
1507 571 1623 628 credidi.
1645 573 1727 626 Idem

949 659 1028 731 apud
1040 659 1252 730 Mogontiacum
1267 660 1390 712 tribunus
1414 661 1532 730 legionis
1549 671 1639 716 sextae
1658 661 1729 716 Gal-

950 748 1064 812 licanar,
1078 747 1210 800 *Francos
1225 751 1370 812 irruentes,
1388 765 1469 819 quum
1487 759 1662 818 vagarentur
1673 766 1730 820 per

950 843 1035 886 totam
1055 833 1192 897 Galliam,
1218 837 1258 887 sic
1272 833 1397 904 adflixit,
1429 845 1459 888 ut
1478 845 1610 892 trecentos
1633 853 1670 890 eu
1683 835 1729 888 bis

949 931 1057 992 captos,
1072 925 1255 994 septingentis
1276 925 1459 993 interemptis,
1479 921 1645 976 subeamne
1664 939 1729 976 tren·

949 1007 1058 1062 diderit.
1074 1007 1155 1062 Unde
1165 1011 1262 1060 iterum
1273 1008 1307 1060 de
1321 1004 1445 1078 cosacta
1456 1019 1497 1061 est
1509 1010 1673 1066 cantilena:

1029 1137 1112 1190 Mille
1123 1135 1281 1202 Sarmatas,
1302 1140 1381 1191 mille
1391 1139 1515 1194 Francos

1028 1226 1153 1278 semeles
1162 1227 1250 1278 semel
1261 1227 1423 1280 occidimus.

1029 1309 1114 1364 Mille
1125 1313 1227 1368 Persas
1237 1317 1393 1384 quoerimus.

989 1443 1124 1498 Praeterea
1144 1443 1221 1498 Flav.
1245 1445 1380 1517 Vopiscus
1398 1444 1435 1498 ad
1457 1445 1568 1500 Groecos
1585 1450 1733 1518 scriptores

128 1534 272 1586 mulierem
286 1537 368 1586 scisse
372 1529 492 1602 satalia.
508 1531 588 1585 Idem
598 1531 668 1584 dicit
680 1535 807 1604 auspicia
819 1535 907 1604 impe-
951 1540 1087 1603 provocat
1098 1531 1128 1583 in
1147 1531 1244 1584 Aurei.
1258 1549 1283 1588 c.
1304 1529 1350 1588 15.
1374 1529 1419 1586 16.
1436 1538 1488 1602 ²43
1503 1532 1552 1588 ubi
1570 1533 1731 1590 aut.Theo-

127 1623 168 1673 rii
180 1620 332 1677 Aureliano
346 1617 406 1672 loec
417 1613 511 1688 fuisse
522 1639 531 1671 :
542 1621 660 1694 primum
675 1623 755 1691 pueri
773 1623 833 1690 ejus
837 1619 906 1692 pel-
951 1615 1006 1671 cies
1024 1627 1071 1672 aut
1089 1617 1277 1672 Nicomachus
1298 1629 1346 1672 aut
1361 1619 1520 1676 Callicrates
1538 1620 1732 1696 intelligendus

129 1722 189 1761 trem
212 1717 365 1779 serpentem
380 1707 544 1780 plerumque
555 1709 676 1759 cinxisse
687 1723 775 1778 neque
786 1724 906 1778 unquam
953 1723 1007 1759 osse
1017 1703 1141 1773 videtum
1165 1715 1214 1759 aut
1227 1705 1349 1777 denique
1365 1705 1581 1778 Asclepiodotus
1598 1707 1729 1779 quidam,

127 1795 217 1848 occidi
220 1798 360 1874 potuisse,
373 1803 510 1868 postremo
524 1799 613 1866 ipsam
626 1805 741 1846 manem
749 1834 755 1860 ,
778 1813 842 1865 quoe
855 1793 907 1850 boc
952 1791 1001 1862 qui
1020 1791 1078 1863 ipse
1090 1809 1206 1863 quoque
1219 1791 1293 1846 idem
1307 1803 1502 1865 argumentum
1517 1794 1687 1850 Diocletiani
1702 1807 1731 1852 et

130 1882 251 1945 uiderat,
270 1891 421 1952 serpentem
437 1884 516 1952 quasi
523 1875 704 1949 familiarem
718 1881 841 1934 occidere
859 1900 908 1934 no-
952 1879 1104 1934 Constantii
1112 1879 1285 1952 temporibus
1301 1880 1567 1939 tractassewidctur.
1620 1904 1625 1919 ·

130 1969 222 2023 luisse.
239 1969 290 2020 Ht's
299 1968 407 2020 accedit
418 1967 493 2040 quod
500 1985 537 2020 ee
548 1967 667 2040 palliolo
673 1986 823 2040 purpureo,
836 1968 910 2040 quod

128 2053 190 2112 Soli
210 2058 254 2107 sui
275 2057 405 2126 temporis
433 2057 583 2126 imperator
602 2053 755 2120 obtulerat,
781 2053 909 2108 sacerdos

129 2139 233 2194 mulier
256 2143 405 2213 crepundia
424 2141 488 2213 filio
500 2138 607 2210 secisse
623 2141 796 2214 perhibetur.
822 2142 910 2198 Addit

129 2233 215 2283 etiarn
237 2229 318 2294 illud,
348 2231 425 2302 quod
442 2235 566 2284 vinctum
579 2225 707 2298 fasciola
726 2231 907 2284 Aurelianum
1113 2159 1570 2256 ASCLEPIODOTUS‘
1670 2253 1675 2260 ·

130 2316 228 2388 esquilo
241 2318 352 2367 innoxie
362 2315 398 2368 de
409 2321 487 2368 cunis
495 2317 622 2370 levaverit
634 2327 661 2370 et
676 2321 705 2368 in
719 2334 908 2390 ararnposue-
993 2324 1128 2398 Vopiscus
1147 2321 1243 2376 Aurei.
1263 2341 1289 2376 c.
1314 2326 1349 2388 lib
1367 2339 1375 2378 t
1399 2325 1549 2380 Vettonica
1561 2327 1728 2394 Herennius,¹

130 2405 182 2482 rit,
202 2419 265 2473 quoe
280 2407 367 2472 Juxta
391 2399 610 2474 sacellumsorte
629 2409 691 2458 sine
710 2404 819 2478 ignibus
839 2416 908 2462 erat.
950 2409 1102 2484 praefectus
1112 2415 1245 2482 prataria
1256 2411 1434 2477 Diocletiani,
1451 2423 1518 2467 teste
1529 2415 1737 2489 Asclepiodoto,¹

130 2487 213 2542 ldcm
226 2499 383 2554 auctorest,
408 2491 526 2544 vitulum
545 2496 628 2546 matri
641 2495 701 2562 ejus
714 2503 810 2544 natum
830 2496 910 2546 nriroe
953 2517 1030 2572 ηερε
1051 2497 1173 2561 dicebat,
1197 2498 1402 2552 Diocletianum
1417 2496 1584 2572 frequenter
1612 2503 1733 2570 dieissu,¹

131 2577 345 2646 magnitudinis,
364 2577 526 2646 candidum,
545 2579 597 2632 sed
607 2577 825 2651 purpurantibus
845 2597 910 2632 ma-
954 2605 1035 2659 quum
1051 2586 1224 2638 Maximiani
1238 2590 1417 2658 asperitatem
1433 2587 1660 2660 reprehenderet,
1676 2595 1735 2645 Au·

131 2665 211 2730 culis,
238 2667 279 2716 ita
297 2675 329 2716 ut
345 2661 463 2718 liaberet
475 2671 504 2718 in
519 2667 605 2720 latere
620 2685 673 2720 uno
693 2685 786 2734 auem,
811 2671 840 2722 in
852 2667 911 2720 allo
955 2675 1094 2728 retianum
1107 2677 1198 2744 magis
1216 2673 1312 2726 ducem
1325 2691 1383 2727 esse
1394 2675 1520 2729 debuisse
1534 2695 1617 2749 quam
1626 2682 1734 2751 princi-

131 2767 271 2804 roronam.
283 2751 389 2805 -Multo
408 2749 547 2824 superflua
566 2757 595 2805 in
615 2754 709 2806 codem
729 2753 827 2826 legisse
850 2770 909 2806 me·
952 2779 1029 2834 perp,
1042 2762 1116 2816 Nam
1130 2757 1332 2832 ejusferocitas
1347 2763 1436 2820 eidem
1449 2763 1621 2836 displicebat.
1638 2767 1733 2822 Mira·

132 2841 214 2904 mini,
235 2841 334 2912 quippe
354 2843 401 2911 qul
424 2851 562 2894 asseverat
579 2845 670 2904 etiam,
695 2859 772 2894 rosas
787 2845 815 2892 in
837 2845 908 2910 eJ'us-
956 2843 1145 2916 bilesortasse
1160 2846 1274 2899 uidetur
1287 2849 1361 2919 qnod
1377 2861 1543 2921 routpertum
1561 2849 1734 2908 Diocletiano

134 2923 197 2976 dem
220 2925 343 2979 mullet’t't'
356 2923 449 2980 llloi'le'
462 2938 531 2980 litllo
541 2929 693 2981 Attrt’llcttto
707 2933 797 2981 t‘sls's'e
804 2947 910 3000 pttt'ptt·
957 2935 1164 3008 Asclepiodotus
1178 2933 1285 2988 Celsino
1298 2937 1512 2991 consiliariosuo
1520 2939 1628 2994 dixisse
1633 2939 1732 3012 perlui.

132 3026 207 3078 reos,
228 3011 319 3068 adoris
331 3018 411 3078 rosei,
422 3011 506 3084 floris
517 3019 605 3071 aurci.
957 3023 1012 3075 bet.
1030 3021 1089 3075 Sed
1097 3021 1132 3075 dc
1149 3020 1200 3074 lroc
1218 3027 1322 3093 posteri
1331 3024 1510 3091 judicabunt.
1532 3027 1652 3082 Dicebat
1662 3045 1734 3085 enum

956 3110 1078 3180 quodam
1097 3111 1218 3180 tempore
1237 3111 1423 3164 Aurelianum
1446 3109 1612 3167 Gallicanas
1632 3116 1734 3170 consu-

958 3199 1041 3249 luisse
1052 3195 1184 3262 Druidas,
1208 3199 1392 3250 sciscitantem
1412 3211 1500 3253 uuum
1515 3201 1593 3272 apud
1603 3207 1664 3272 ejus
1676 3221 1734 3276 po-

956 3295 1042 3336 steros
1054 3285 1199 3355 imperium
1202 3297 1382 3356 parmaneret
1395 3303 1403 3339 .·
1419 3296 1476 3339 tunt
1488 3288 1555 3342 illas
1565 3287 1736 3364 respondisse

956 3371 1040 3436 dixit,
1066 3371 1171 3424 nullius
1191 3369 1293 3424 clarius
1315 3375 1343 3424 in
1361 3373 1506 3446 republica
1530 3393 1630 3431 nornen
1649 3397 1733 3456 quam

959 3457 1071 3512 Claudii
1093 3469 1264 3530 punctorum
1281 3455 1418 3526 futurum.
1441 3461 1479 3515 Et
1491 3473 1533 3517 est
1549 3465 1660 3536 quidem
1667 3471 1734 3538 jam

958 3546 1136 3600 Constantius
1145 3550 1296 3618 imperator
1302 3548 1425 3616 ejusdem
1435 3553 1484 3602 uir
1489 3555 1643 3622 sanguinis,
1657 3561 1738 3622 cujns

178 3651 287 3706 Flauius
304 3650 439 3722 Vopiscus
460 3650 488 3706 in
512 3651 610 3708 Aurei.
624 3647 810 3720 c.6:liesert
824 3651 912 3705 'l'lreo-
951 3644 1162 3705 Pll⁰l²⁰5¹⁶m⁹
1177 3633 1218 3686 “d
1239 3651 1302 3722 eam
1324 3636 1444 3706 gilliam
1465 3655 1529 3709 lm?
1548 3657 1567 3692 ‘¹
1589 3639 1736 3696 Dmidibffl

136 3741 205 3793 clins
214 3738 247 3810 il.
261 3737 392 3792 Theocles
401 3755 424 3794 s.
439 3737 597 3807 Tlreoclus),
616 3737 835 3794 Ctesarianorum
848 3751 915 3792 tem-
951 3723 1146 3791 l’lffl'¹¹‘'²V“²⁰
1159 3724 1359 3805 Vil’ff'l'ff'liffl·

133 3843 232 3899 porum
246 3829 370 3896 scriptor,
388 3826 571 3880 Aurelianum
584 3844 670 3880 manu
685 3845 736 3880 sua
757 3827 830 3882 lello
842 3827 913 3880 Sar-

136 3917 235 3968 matico
253 3929 308 3967 uno
325 3912 372 3966 die
394 3913 581 3988 quadraginta
601 3926 627 3970 et
646 3927 706 3970 octo
726 3912 911 3984 interfecisse-5

131 4003 262 4074 plurinus
277 4009 370 4054 autem
388 4010 417 4052 et
432 4000 545 4056 diuersis
557 4003 651 4058 dicbus
669 4005 743 4061 ultra
764 4015 914 4077 nongentos

1256 2050 1418 2074 QUO..—

453 3185 612 3209 *-

374 3319 675 3406 THEOCLES.

344 3494 457 3568 (vum
480 3495 694 3570 cassano.)

1272 3887 1425 3914 Μοι-

1216 4001 1464 4088 ΖΕΝΟΒΙΑ.

35 4125 41 4134 .
135 4091 339 4163 quinquaginta
352 4105 362 4138 :
373 4088 443 4140 odeo
454 4099 486 4144 ut
495 4093 578 4144 etiam
589 4091 715 4144 ballistia
725 4097 807 4163 pueri
815 4104 844 4146 et
853 4092 910 4144 sal·

997 4169 1150 4224 Trebellius
1163 4167 1254 4224 Pollio
1267 4170 1296 4221 in
1308 4169 1435 4242 Triginta
1449 4180 1505 4241 tyr.
1519 4188 1545 4227 c.
1564 4168 1611 4238 30,
1624 4167 1661 4224 de
1682 4171 1734 4230 Ze·

957 4255 1053 4324 nobis,
1065 4257 1293 4330 Palmyrenorum
1303 4257 1413 4328 regina:
1426 4259 1495 4330 lpsa
1510 4257 1593 4310 latini
1603 4262 1736 4314 sermonis

957 4363 1012 4398 non
1038 4327 1228 4418 usquequaque
1239 4345 1339 4416 ignara
1344 4385 1352 4410 ‚
1370 4344 1421 4396 sed
1426 4356 1455 4396 ut
1465 4345 1619 4417 loqueretur
1627 4345 1735 4416 pudore

957 4427 1097 4496 cobibita;
1117 4429 1277 4501 loquebatur
1299 4442 1327 4484 et
1344 4435 1501 4502 aegyptiace
1522 4431 1563 4484 ad
1576 4427 1734 4504 perfectum

958 4517 1078 4572 modum.
1090 4517 1217 4569 Historirc
1232 4517 1435 4570 Alexandrinae
1449 4529 1531 4590 atque
1544 4518 1683 4570 orientalis
1694 4522 1734 4572 ita

954 4607 1058 4675 perito,
1079 4615 1107 4657 nt
1120 4619 1181 4656 eant
1198 4607 1361 4674 epitomasse
1375 4605 1499 4670 ilicetum
1511 4605 1628 4656 latinam
1642 4615 1733 4658 autem

956 4708 1049 4760 gurra*
1060 4693 1174 4764 legerat.
1185 4687 1269 4754 «sed,
1281 4689 1377 4758 credo,
1387 4692 1528 4764 epitomen
1536 4691 1557 4744 si
1565 4705 1649 4762 quam
1657 4689 1733 4766 fecit,

934 4783 937 4826 Ι
954 4777 1084 4848 juvanda
1097 4795 1152 4830 suae
1161 4778 1300 4830 urernoriae
1314 4779 1475 4852 scripserat,
1485 4797 1542 4836 nnn
1552 4778 1585 4845 ,in
1599 4791 1663 4832 usus
1679 4795 1732 4854 [ηις

177 4859 246 4910 trac
260 4859 341 4912 virleo
355 4877 412 4912 esse
425 4855 590 4931 persn'uolm
605 4862 655 4914 sed
667 4866 732 4933 qnia
748 4880 832 4914 surrru
847 4867 912 4913 scri·
933 4829 938 4913 i
957 4863 1077 4920 binos.»
1092 4867 1208 4919 Vossius
1224 4881 1252 4938 p.
1266 4863 1332 4917 abo.

136 4175 303 4231 tatiunculus
315 4179 343 4228 in
355 4175 534 4230 Aurelianum
547 4178 616 4230 tales
629 4189 835 4248 componerent,
851 4182 910 4248 qui·

137 4265 185 4318 bus·
202 4262 297 4314 dielurs
311 4258 399 4330 sestis
417 4264 579 4316 militariter
590 4264 769 4316 saltitarcnt:

215 4391 315 4454 Mille,
331 4393 415 4457 mille,
436 4393 513 4445 nrille
523 4392 728 4454 decollavimus,

216 4497 284 4538 unus
298 4479 380 4533 lronto
391 4481 468 4532 mille
478 4481 688 4545 decollavirrrru,

218 4567 296 4618 mille
309 4571 383 4618 uir-trs
392 4571 438 4638 qui
447 4569 522 4620 mille
536 4569 645 4622 occidit.

216 4651 336 4709 Tantum
351 4657 406 4705 riui
420 4652 592 4707 lrabetnemo

216 4748 346 4810 quantum
355 4737 601 4812 sialitsanguinis.

671 5062 1194 5106 -ψ-
