3944 5728
844 322 1087 388 FRAGMENTA.

534 446 580 506 ⁵6.

212 581 251 639 St.
270 577 302 638 B.
320 581 499 659 τΤριῆρες,
521 585 605 661 ἔθνος,
622 589 674 648 άπὸ
688 591 803 670 Τριήρου
814 599 859 651 τοῦ
874 595 941 670 Ὀμ-

171 662 335 744 ῦριάρεωκαί
346 667 453 748 Θρᾴκης
470 672 575 746 παιδὸς,
587 679 622 742 ὡς
636 675 765 757 Ἀρριανὸς
781 683 808 738 ἐν
824 683 941 740 Βιθυνια-

170 753 231 816 κοῖς.
242 753 286 810 Cf.
299 754 338 812 id.
350 775 378 811 ν.
394 755 507 835 Τρῆρος.

533 893 578 964 57.

209 1037 335 1094 Eustath.
352 1035 387 1092 nd
403 1036 474 1104 1101,
489 1037 592 1110 166,p.
606 1039 673 1109 673,
687 1041 723 1106 45
742 1062 748 1101 :
767 1042 904 1112 Ἐνυάλιος
914 1046 940 1104 δὲ

170 1117 237 1176 κατὰ
255 1120 303 1194 μὲν
315 1117 373 1184 τοὸς
395 1120 521 1186 πλείουςθ
539 1125 677 1198 πολεμικὸς
691 1129 742 1185 ἀπὸ
758 1133 805 1200 τῆς
827 1131 939 1199 Ἐνυοῦς.

168 1203 242 1272 Τινίς
255 1203 283 1264 δὲ
296 1203 385 1286 ὥσπερ
396 1205 444 1276 τήν
459 1208 587 1266 Παλλάδα
603 1210 645 1267 διὸ
657 1211 732 1290 φόνον
756 1221 801 1274 τοῦ
817 1218 939 1276 Πάλλαν·

168 1315 228 1364 τος,
241 1291 308 1350 οῦτοι
322 1294 421 1352 καὶτὸν
433 1293 569 1356 Ἐνυάλιον
582 1297 625 1355 διά
636 1322 662 1356 τι
673 1306 787 1360 τοιοῦτον
799 1305 941 1374 κεκλῆσθαί

168 1401 256 1458 ρασιν.
273 1378 405 1459 Ἀρριανὸς
418 1385 479 1458 γοῦν
494 1384 593 1461 ἱστορεῖ
605 1383 644 1441 ότι
659 1384 739 1444 ἐλθὼν
760 1385 839 1467 Ἀρης
858 1392 892 1457 είς
905 1391 938 1450 τὸ

168 1469 214 1535 τῆς
233 1464 342 1545 Θράκης
356 1465 457 1545 χωρία,
471 1467 535 1528 ὅπου
554 1468 588 1527 τὸ
603 1473 685 1530 οίκεῖα
699 1465 731 1544 ήν
746 1477 784 1554 τῷ
797 1475 939 1559 Ἐνυαλίῳ,

166 1551 242 1622 ήθελε
255 1549 411 1623 ξενισθῆναι·
423 1555 437 1610 θ
451 1553 477 1612 ii
484 1557 530 1612 oria
540 1555 615 1627 ἤθελε
626 1558 756 1638 δέχεσθαι,
771 1561 883 1640 φάμενος
893 1569 939 1630 οὐκ

167 1635 199 1694 ἂν
206 1636 302 1704 ξενίσαι
312 1638 390 1697 ἄλλον
400 1638 453 1710 ἣθς
466 1641 592 1720 κρείσσων
602 1646 680 1703 αὐτοῦ
692 1645 725 1704 τὸ
739 1649 850 1724 πολέμια
858 1649 936 1714 ἔλθοι.

169 1723 223 1783 Καί
233 1721 273 1790 te·
289 1751 301 1778 ε
319 1721 395 1804 Ὦρα
405 1749 446 1784 σοι
459 1725 561 1795 ξενίζειν
573 1730 632 1805 ἐμὲ,
647 1733 738 1792 καθότι
750 1735 877 1812 κρείσσων
892 1744 938 1797 σοῦ

167 1810 234 1888 φημὶ
243 1810 277 1870 τὰ
286 1811 398 1889 πολέμια
410 1804 483 1872 εἶναι.
495 1818 569 1875 »Τοῦ
583 1819 610 1875 δὲ
624 1819 760 1878 Ἐνυαλίου
772 1822 938 1902 ἀποφάσκον-

166 1918 217 1967 τος,
228 1897 331 1978 ἔρχεται
339 1900 374 1964 είς
384 1908 474 1978 χεῖρας
486 1901 531 1959 καί
540 1901 584 1960 ἐπὶ
594 1904 660 1962 πολὺ
671 1910 717 1977 τῆς
728 1907 814 1986 μάχης
824 1911 938 1970 ἐκταθεί-

166 2006 226 2057 σης,
242 1984 313 2052 τέλος
327 1989 341 2045 θ
360 1987 494 2054 Ἐνυάλιος
507 1988 598 2048 πίπτει
616 1993 665 2050 iuri
679 1997 716 2072 τῷ
728 1992 815 2072 Ἀρεῖ,
828 1998 935 2074 πληγείς

165 2069 239 2150 ὅπλῳ
249 2075 281 2150 τῇ
293 2073 416 2154 ρομραίορ.
433 2074 479 2134 Διὸ
491 2077 580 2134 καθότι
589 2076 655 2154 μίγα
666 2085 740 2138 τοῦτο
751 2073 826 2140 itio
838 2079 938 2160 όἈρης

165 2155 219 2223 νίας
232 2154 268 2216 ὢν
282 2157 442 2234 ἐξεκάλεσεν,
457 2163 574 2221 ἐκαλεῖτο
590 2166 632 2222 ἐπ’
645 2168 715 2245 αὐτῷ
729 2167 873 2236 Ἐνυάλιος.
886 2177 938 2230 Ea·

165 2245 241 2318 dem,
253 2249 337 2304 citato
348 2253 478 2324 Arriano,
488 2255 597 2328 attingit
606 2257 694 2312 Treta.
707 2257 778 2316 Chii.
786 2261 853 2327 xli,
868 2281 935 2336 79¹·

528 2386 576 2445 58.

205 2533 284 2590 Idem
307 2538 337 2592 in
357 2539 473 2612 Dionys.
493 2539 571 2598 828:
592 2535 684 2608 Ἔθνος
701 2541 728 2600 ii
750 2549 893 2620 γυναικεῖον
910 2549 937 2605 αἱ

168 2615 307 2694 Ἀμαζόνες
318 2620 381 2700 πρὸς
395 2625 432 2701 τῷ
443 2623 628 2703 Θερμώδοντι,
641 2627 681 2686 διὸ
694 2629 738 2685 καὶ
753 2631 806 2688 ἀπὸ
818 2632 936 2712 μητέρων

166 2707 393 2784 ἐγενεαλογοῦντο,
409 2709 527 2790 καθάπερ
539 2711 668 2792 Ἀρριανὸς
681 2717 788 2796 ἱστορεῖ.

209 2795 288 2851 Idem
299 2797 339 2851 ib.
354 2793 437 2856 ιὍτι
457 2797 484 2855 δὲ
503 2801 530 2856 ai
544 2799 680 2875 Ἀμαζόνες
693 2803 803 2871 πολλοὺς
822 2807 849 2864 tu
864 2806 937 2888 Ἀσίορ

165 2879 291 2958 κατίσχον
301 2879 395 2949 τόπους
408 2882 487 2954 ποτὲ,
500 2886 607 2957 δηλοῦσι
620 2887 665 2945 καί
676 2889 770 2966 κρῆναί
779 2915 844 2958 τινες
857 2893 936 2970 Ἀμα-

165 2965 244 3034 ζόνων
260 2966 411 3045 θμόινυμοι,
422 2972 466 3026 καὶ
482 2969 591 3047 μήνκαὶ
608 2973 712 3052 πόλεις,
723 2968 776 3034 οἷον
792 2982 809 3049 ἡ
823 2975 937 3060 Ἔρεσος

1700 354 1756 406 591

988 458 1072 535 ριανὸν
1086 460 1137 518 ἀπὸ
1148 461 1255 529 Ἐλαίας
1276 465 1426 542 Ἀμαζόνος·
1441 469 1484 526 καί
1499 471 1561 549 πρὸς
1573 477 1609 552 τῷ
1624 476 1715 558 Πόντῳ
1730 477 1767 536 δὲΙ

987 544 1077 618 Θίόα,
1094 545 1170 614 τόπος
1184 549 1225 606 διὸ
1244 557 1289 608 τοῦ
1302 575 1310 608 ι
1322 553 1390 631 ἔχων
1409 554 1456 625 τήν
1478 559 1692 638 παραλήγουσαν,
1706 566 1758 623 α’πὸ

988 638 1048 704 μιθς
1072 635 1123 688 τῶν
1154 637 1197 713 ίρ’
1226 634 1368 714 Ἡρακλέος
1398 643 1577 720 ἀναιρεθεισῶν
1611 645 1758 721 Ἀμαζόνων

987 722 1087 794 σχοῦσα
1095 717 1141 788 τήν
1149 721 1250 792 κλῆσιν,
1260 749 1271 772 u
1281 713 1317 781 ὧν
1325 727 1352 783 αἱ
1359 727 1479 806 διάροραι
1489 731 1499 807 (
1505 731 1635 790 τουτέστιν
1644 737 1671 792 ai
1679 739 1756 815 ὑπερ-

986 803 1110 882 έχουσαι)
1124 805 1168 863 καί
1189 807 1400 891 α’ζιολογώτεραι,
1420 815 1488 872 κατὰ
1507 816 1554 887 τήν
1565 824 1610 876 τοῦ
1625 819 1756 900 Ἀρριανοῦ

986 891 1111 966 ἱστορίαν,
1123 893 1187 951 εἰσίν
1202 886 1278 953 αῦται
1299 897 1361 974 πρὸς
1373 899 1472 976 ὄνομα,
1494 903 1616 981 Τράλλα,
1639 906 1757 988 Ἰσοκρά-

985 999 1049 1048 τεια,
1061 977 1154 1063 βίόα,
1168 979 1279 1058 Πάλλα,
1295 984 1340 1041 καί
1353 983 1438 1042 ἄλλαι.
1455 1014 1466 1037 ιι

1346 1123 1393 1199 59.

1023 1257 1154 1331 Stephan.
1165 1261 1229 1333 Byz.
1252 1280 1258 1318 :
1276 1259 1448 1336 Ἀμαζόνειον,
1458 1264 1534 1332 τόπος
1543 1267 1569 1322 ἐν
1579 1271 1611 1342 τῇ
1625 1268 1755 1349 Ἀττικῇ...

984 1335 1061 1398 Ἐστι
1077 1340 1122 1399 καί
1136 1342 1201 1402 ἄλλο
1224 1343 1265 1402 διὸ
1288 1351 1334 1404 τοῦ
1354 1371 1371 1405 κ
1385 1348 1553 1424 Ἀμαζονικὸν
1579 1355 1605 1410 iu
1630 1357 1750 1435 Βοιωτίᾳ-

984 1420 1063 1486 'Euri
1077 1427 1122 1486 καί
1135 1431 1162 1487 ἐν
1183 1431 1288 1512 Βιθυνία
1302 1435 1423 1502 Μαζαῖον
1436 1435 1503 1495 κατὰ
1520 1441 1701 1520 παραφθορὰν,
1722 1447 1757 1512 ὡς

985 1510 1115 1590 Ἀρριανὸς
1136 1518 1162 1574 ἐν
1184 1519 1353 1596 Βιθυνιακοῖς.
1382 1521 1421 1582 Τὸ
1447 1523 1544 1582 ὶθνικὸν
1560 1528 1703 1606 Μαζαεὸς,
1720 1533 1755 1596 όις

983 1600 1099 1668 Μιδαεὸς
1110 1602 1154 1661 καί
1168 1605 1324 1686 Δορυλαείς.

1341 1749 1388 1806 60.

1028 1879 1153 1938 Eustath.
1166 1882 1201 1938 ad
1217 1886 1332 1958 Dionys.
1347 1883 1403 1960 549
1418 1906 1424 1944 ι
1439 1883 1503 1946 Ὅτι
1516 1889 1586 1955 ἐντὸς
1604 1894 1648 1960 τῆς
1663 1893 1755 1952 Μαιόν-

982 1966 1049 2030 τιδος
1063 1968 1138 2034 νῆσος
1156 1969 1289 2046 ἀπειρεσίη
1308 1970 1471 2049 ε’στήρυιται,
1484 1973 1517 2043 ἣν
1537 1977 1644 2034 καλοῦσι
1654 1980 1756 2058 Ἰἀυρι-

982 2047 1039 2122 κήν,
1051 2052 1077 2108 ἐν
1092 2044 1276 2133 ΙήΦαιναχόρα
1290 2055 1335 2113 καί
1356 2056 1548 2137 Ἑρμώνασσα,
1563 2061 1657 2121 Ἰώνων
1678 2064 1754 2122 άπαι-

983 2159 1023 2194 κοι
1037 2138 1142 2214 πόλεις,
1157 2129 1192 2196 ὧν
1207 2141 1326 2218 ἡγήσατο
1340 2145 1509 2224 Φαιναγόροις
1524 2171 1562 2213 τις
1578 2149 1622 2206 καὶ
1635 2147 1755 2228 Ἕρμων,

982 2225 1026 2300 ἀρ’
1037 2214 1073 2281 ὧν
1093 2225 1117 2282 oi
1135 2225 1210 2284 τόποι
1233 2229 1381 2290 καλοῦνται.
1409 2230 1538 2311 Ἀρριανὸς
1554 2233 1581 2292 δὲ
1595 2235 1663 2293 οὕτω
1677 2237 1754 2316 φησί·

982 2336 994 2360 ε
1009 2309 1201 2390 Φαιναγόρεια,
1225 2313 1257 2386 ἣν
1272 2313 1356 2372 ἔκτισε
1376 2318 1545 2398 Φαιναγόρας
1559 2323 1572 2378 θ
1584 2319 1680 2400 Τήιος,
1694 2324 1754 2403 ρεό-

981 2395 1092 2472 γωντήν
1106 2403 1157 2456 τῶν
1170 2403 1279 2479 Περσῶν
1302 2400 1389 2480 ῦόριν·
1404 2403 1441 2461 ἔτι
1467 2405 1494 2462 δὲ
1512 2403 1689 2484 Ἑρμώνασσα
1713 2413 1755 2470 ἰπὶ

981 2481 1158 2564 Ἓρμωνάσσῃ
1167 2491 1199 2566 τῇ
1209 2488 1311 2562 γυναικί
1319 2489 1475 2569 Σημοίνδρου
1487 2493 1665 2564 Μυτιληναίου
1677 2498 1753 2566 τινὸς,

982 2560 1012 2627 οῦ
1027 2569 1097 2638 τινὸς
1108 2575 1158 2630 τῶν
1171 2573 1286 2632 Αἰολέων
1307 2577 1343 2641 είς
1357 2576 1477 2635 ἀποικίαν
1492 2579 1702 2655 μεταστήσαντος
1712 2583 1755 2640 καί

981 2655 1101 2722 θανόντος
1113 2659 1139 2716 ἐν
1151 2661 1187 2736 τῷ
1201 2664 1246 2730 τῆς
1257 2659 1357 2726 πόλεως
1368 2663 1493 2740 οἰκισμῷ,
1508 2667 1524 2734 ἡ
1536 2664 1600 2740 γυνὴ
1610 2671 1656 2738 τῆς
1668 2691 1695 2725 τε
1707 2669 1755 2726 πό-

982 2741 1046 2807 λεως
1056 2743 1183 2822 ἐγκρατής
1197 2743 1311 2820 ἐγένετο,
1323 2750 1367 2804 καὶ
1379 2748 1409 2806 τὸ
1424 2751 1517 2820 ἑαυτῆς
1530 2749 1612 2828 ὄνομα
1634 2757 1666 2831 τῇ
1680 2755 1755 2814 πόλει

980 2829 1094 2888 ἐπέθετο.
1109 2855 1121 2879 ι

1274 2975 1280 2983 ·
1351 2937 1399 2993 61.

165 3051 273 3124 αῦτη,ή
289 3053 390 3128 Ἀναία,
405 3057 577 3136 ἡΜόρινα,ἡ
593 3061 701 3132 Αίολική
718 3061 894 3140 ΚύμηἜστι
909 3068 936 3126 δὲ
1020 3073 1099 3129 idem
1120 3077 1159 3131 ih.
1184 3077 1239 3133 803
1256 3097 1263 3136 :
1279 3076 1357 3138 Κατὸ
1380 3079 1468 3150 &irin
1492 3079 1623 3160 Ἀρριανοῦ
1640 3083 1753 3162 ἱστορίαν

164 3139 209 3197 καί
219 3139 315 3200 'Eiteia
329 3141 406 3209 τόπος
422 3142 485 3222 πρὸς
503 3149 536 3224 τῇ
556 3149 717 3228 Νικομηδείρ
737 3149 806 3208 κατὰ
820 3152 864 3210 τὸν
878 3153 935 3234 Ἀρ·
982 3155 1114 3238 ἐπώνυμός
1130 3163 1199 3222 ἐστιν
1220 3167 1300 3234 ήτῦιν
1314 3166 1499 3240 Χαλκηδονίων
1512 3167 1585 3234 πολις
1598 3172 1636 3248 τῷ
1654 3167 1753 3247 Κρόνου

180 3255 1746 3301 M

526 3319 570 3370 56.
981 3327 1110 3388 Hyr-inest
1125 3331 1309 3391 cymeffloiiea.
1343 3336 1385 3384 Fet
1395 3334 1467 3384 etiam
1477 3336 1540 3384 Eitea
1560 3335 1628 3384 iocus
1646 3334 1755 3386 aditiuo·

194 3393 286 3444 Trieres
295 3394 304 3455 (
312 3397 424 3457 freres),
441 3410 456 3447 ε
468 3399 562 3461 Triere,
574 3401 707 3452 ombriaroi
719 3405 743 3453 et
760 3405 862 3456 Threces
874 3407 936 3469 irtio,
981 3403 1093 3467 mediam,
1103 3407 1202 3457 Arriano
1213 3412 1288 3471 teste,
1301 3411 1332 3460 ah
1343 3413 1407 3461 Hiera
1418 3418 1537 3462 Amazone
1548 3427 1635 3463 nornen
1646 3413 1749 3474 ducem,

163 3471 192 3520 ut
202 3471 316 3522 Animus
327 3473 394 3524 sitin
404 3475 541 3537 Bithynicis.
980 3481 1041 3530 etad
1059 3485 1163 3534 Pontum
1179 3486 1255 3535 Thiba
1269 3488 1335 3536 ioous
1348 3488 1404 3550 (per
1420 3491 1430 3537 t
1447 3489 1540 3538 literam
1556 3489 1581 3538 in
1600 3489 1754 3551 penultima),

528 3558 571 3608 57.
980 3556 1020 3618 qui
1030 3559 1167 3610 nominatus
1179 3563 1252 3612 estab
1261 3575 1308 3611 una
1315 3567 1462 3614 Amazonum
1470 3565 1500 3614 ab
1508 3565 1609 3615 Herouie
1621 3565 1753 3615 interiecta·

194 3632 306 3694 Enyaiius
314 3633 446 3684 secundum
457 3637 572 3699 plurimos
581 3641 643 3688 Mars
651 3639 738 3690 dicitur
749 3643 780 3692 eb
790 3646 870 3706 Enyo;
879 3659 935 3694 non·
981 3645 1048 3692 ΝΜ,
1060 3634 1121 3685 5⁰¹⁸?
1133 3650 1193 3699 ‘iuti
1201 3640 1329 3701 iifoe‘ii’tlffl
1337 3643 1361 3690 ⁰¹
1370 3641 1508 3692 ⁰¹⁸¹i⁸⁵iffloe
1521 3641 1653 3691 mundum
1664 3644 1755 3732 issimi

163 3709 749 3780 nurrrautemucuumiraremaruunraoeue
766 3721 934 3784 sie-murum
980 3709 1103 3760 historiam
1115 3713 1457 3780 ruerunrrrrue,1soontes,
1470 3719 1722 3782 numennumen.

162 3786 812 3848 quoquesimiiemobcausumnomenhaberenarrunt.
824 3799 936 3848 Arrianus
1347 3799 1391 3849 59-

162 3861 252 3911 scilieet
263 3863 295 3912 ita
304 3865 376 3913 refert
387 3884 393 3914 ι
407 3883 418 3906 r
431 3869 493 3914 Hsrs
504 3867 529 3916 in
539 3869 647 3918 'surreiae
658 3872 753 3922 veniens
763 3875 881 3937 regiones,
894 3875 935 3924 ubi
1009 3873 1163 3924 Amazonium
1179 3875 1246 3926 locus
1256 3876 1280 3925 in
1301 3879 1387 3928 Attica.
1409 3881 1451 3928 Est
1464 3879 1536 3928 etiam
1548 3882 1573 3928 in
1588 3881 1676 3930 sooria
1689 3881 1754 3942 quod

164 3939 275 4000 Huyaiius
284 3939 419 4002 irabitabst,
429 3943 531 4004 Hospitio
543 3945 620 4006 euripi
631 3947 662 3996 ab
673 3961 702 3996 eo
711 3949 795 4000 votuit.
827 3951 869 4001 llie
879 3965 935 4001 vero
978 3959 1020 4009 per
1031 3963 1046 3999 τ
1058 3951 1150 4000 literam
1164 3952 1252 4002 droitur
1263 3956 1441 4004 Amazonioum.
1456 3958 1529 4004 Porro
1537 3957 1560 4005 in
1569 3957 1679 4018 Bithynia
1689 3957 1753 4018 quod

162 4014 272 4076 excipere
280 4016 373 4076 uoiuit,
383 4016 464 4067 dicens
478 4031 561 4070 senon
570 4021 696 4072 admittere
709 4024 825 4088 hospitem
836 4028 881 4076 nisi
893 4029 934 4090 qui
978 4039 1021 4088 per
1032 4027 1207 4088 corruptionem
1223 4029 1282 4078 abitt
1297 4029 1321 4078 in
1332 4032 1462 4090 Haemum,
1475 4033 1502 4080 ut
1510 4032 1624 4082 Arrianus
1635 4033 1659 4080 in
1672 4033 1753 4096 Bitiry-

163 4091 252 4142 virture
261 4092 600 4159 beilioaipsumsuperarerit.
632 4101 694 4150 Tum
705 4105 769 4152 Ham
783 4119 789 4152 :
802 4105 934 4168 «tornigi-
978 4105 1051 4155 uineis
1059 4107 1139 4156 refert.
1149 4107 1243 4156 Gentiie
1254 4109 1371 4169 ireneus,
1381 4108 1530 4172 utitidseus,
1541 4110 1674 4160 Doriiaeus.

162 4171 203 4216 tur
216 4168 343 4231 hospitium
355 4171 413 4218 mihi
424 4173 552 4234 concedam
569 4187 624 4224 narn
641 4189 732 4238 egone
745 4181 933 4241 prestantiorem
1347 4189 1391 4239 tio.

162 4247 186 4294 te
199 4259 250 4296 esse
265 4247 338 4298 rebus
347 4249 439 4300 bellicis
458 4253 583 4316 contendo.
598 4273 610 4296 ν
625 4256 694 4312 Quod
716 4257 758 4307 iiio
772 4262 884 4321 negante,
904 4261 935 4310 ad
1009 4268 1192 4330 lutrapsludem
1204 4270 1340 4319 meotidem
1352 4271 1428 4320 insuia
1441 4272 1568 4335 porrigitur
1577 4272 1668 4334 ingens,
1680 4286 1752 4334 quam

162 4334 247 4372 manus
256 4323 368 4384 veniunt,
378 4327 402 4374 et
411 4329 535 4389 postquam
545 4329 586 4377 diu
598 4332 732 4394 certarunt,
742 4337 861 4396 postremo
868 4340 932 4399 Eny·
979 4349 1066 4396 rooant
1082 4348 1222 4407 Tauricam,
1243 4347 1268 4397 in
1284 4361 1331 4412 qua
1348 4349 1511 4412 Phaenagora(
1525 4350 1708 4412 Ρλαιιαρσιία)
1729 4355 1754 4401 et

162 4399 434 4454 fliffi‘ffldiiifflffli
450 4407 578 4467 “imvm
594 4409 643 4456 ¹⁰¹⁰
659 4423 792 4471 Herem&
825 4413 933 4464 Arduum
978 4427 1135 4473 Hermonassa
1153 4425 1238 4488 urbes,
1256 4429 1342 4476 ionum
1369 4427 1484 4486 mioniae,
1501 4439 1556 4488 que
1573 4425 1683 4475 seduna
1698 4430 1754 4474 aunt

162 4475 207 4526 ho'o
216 4480 335 4602 ρειῑειυειι
346 4481 410 4541 quod
418 4481 513 4542 iuvenis
521 4483 599 4534 adhue
612 4487 675 4536 Mars
688 4489 840 4551 coniecisset,
856 4495 931 4553 Huyu·
979 4500 1122 4562 Phaeuagoru
1131 4504 1156 4550 et
1165 4504 1284 4552 Hermone
1292 4501 1598 4564 ducihua,aquibusetism
1610 4505 1754 4564 nuncupate·

161 4554 207 4604 iius
226 4554 273 4604 rina
284 4557 419 4606 nominatus
425 4563 468 4608 est.
479 4578 491 4602 υ

523 4641 566 4692 58.

977 4578 1041 4624 sunt.
1050 4577 1163 4626 Arrianus
1172 4577 1269 4627 veroita
1282 4577 1353 4627 dieii:
1365 4597 1377 4621 r
1391 4578 1542 4640 Pirusoagorla
1550 4613 1557 4638 ,
1565 4589 1639 4638 quam
1647 4577 1753 4626 condidit

979 4653 1134 4717 Phanagorus
1141 4655 1226 4716 Teius,
1239 4657 1363 4706 Persarum
1377 4655 1468 4718 θερίσαι
1478 4655 1640 4714 insolentiam
1651 4656 1749 4716 proter·

192 4722 322 4768 Amazones
341 4717 467 4768 mulierum
487 4722 524 4770 eat
544 4723 645 4784 populus
665 4724 695 4774 ad
718 4725 931 4790 Thermodontem
977 4742 1005 4778 ea
1020 4733 1191 4792 Hermonassa,
1204 4743 1260 4792 qua
1281 4731 1421 4781 rooaturde
1439 4734 1596 4781 Hermonassa
1615 4742 1691 4779 uxore
1708 4735 1751 4780 Se·

161 4805 236 4854 quere
247 4793 318 4842 etium
329 4795 469 4844 amatribus
479 4797 571 4858 generis
579 4800 798 4854 serism'rooensere
812 4806 932 4868 soiehant,
978 4805 1071 4856 mandri
1081 4807 1220 4870 Hptiieumi,
1232 4807 1273 4868 qui
1284 4821 1360 4870 quum
1374 4808 1453 4858 AEoies
1463 4805 1623 4856 nonnullosin
1634 4806 1751 4856 eutonium

162 4875 190 4922 ut
199 4873 312 4922 Arrianus
324 4875 411 4924 narrat.
977 4882 1127 4944 deduxisset,
1139 4885 1164 4932 et
1175 4883 1233 4932 dum
1241 4883 1298 4932 urhe
1306 4883 1461 4944 oondebatur,
1473 4885 1535 4932 esset
1547 4882 1752 4943 deiunctae,uror
1789 4905 1793 4912 ·

193 4955 323 5000 Amazones
335 4951 422 5000 multos
433 4951 457 5000 iu
473 4955 526 5003 Asis
544 4954 608 5004 iosos
622 4957 725 5007 tenuisse
740 4959 841 5020 probant
858 4962 934 5012 sontes
977 4959 1029 5020 ejus
1043 4960 1213 5022 imperiourbis
1223 4960 1297 5022 potita
1310 4963 1345 5010 est
1357 4960 1426 5023 eique
1436 4973 1507 5010 suum
1519 4959 1592 5021 ipsius
1602 4971 1688 5008 nomen
1705 4959 1750 5006 inr-

164 5029 307 5076 Απιειοιιιιιιι
319 5028 479 5090 cognominus,
490 5043 532 5079 nec
541 5044 587 5080 uon
596 5032 674 5092 urbes,
686 5035 711 5083 ui
726 5036 841 5097 Ephesus,
852 5043 932 5100 suun,
979 5037 1064 5099 posuit.
1080 5058 1090 5079 ιι
