3974 5724
821 343 1066 402 FRAGMENTA.
1689 357 1739 406 tta

147 481 400 550 turrestimatioue3
423 496 485 550 quae
500 478 558 530 laus
572 475 764 530 florentissima
778 485 837 528 erat
852 487 924 528 tem·
969 474 1027 545 ejus
1041 477 1211 530 mentionem
1228 477 1339 544 injicere
1350 476 1476 528 vidiums.
1495 477 1662 530 Nominandi
1675 495 1744 550 praa·
1772 469 1780 482 ⁸

147 569 264 642 poribus
280 565 408 638 Didymi,
430 565 590 628 Strabonis,
610 563 765 628 Plutarchi,
786 563 924 630 Athenai,
959 548 1012 614 'ter
1024 562 1076 616 hos
1094 561 1238 617 Diodorus
1248 563 1361 634 Magnes
1376 562 1419 633 (r.
1435 562 1469 615 11.
1484 560 1508 614 5.
1524 562 1558 630 67
1570 563 1663 635 sqq),
1678 569 1746 619 Am-

149 657 195 728 qui
203 655 359 710 testimonia
367 648 729 724 ejussaepissimeaelhibent.
741 649 925 704 inferioribus
971 649 1110 703 moniuso
1130 643 1302 721 Λαμπτρεύς,
1326 650 1374 720 qui
1394 649 1541 720 scripserat
1564 647 1628 726 Περὶ
1649 652 1745 724 βωμῶν

149 742 324 816 temporibus
347 757 434 812 opera
455 737 613 793 Polemonis
634 753 693 789 non
711 736 830 808 amplius
853 755 925 790 curae
972 730 1017 788 11111
1035 735 1127 790 θυσιῶν
1142 733 1189 808 (fr.
1207 733 1276 808 88),
1301 735 1463 789 Heraclides
1483 737 1638 808 lllopsestes
1652 749 1678 791 et
1691 748 1746 793 As-

147 831 228 885 fuisse
248 825 391 894 ridentur,
410 837 442 880 ut
458 842 525 880 mox
542 822 747 878 interciderint.
762 823 833 878 Nam
847 822 926 895 quod
971 821 1110 895 clepiades
1134 824 1308 896 Myrleauus3
1335 839 1457 894 quorum
1481 824 1606 876 omnium
1634 837 1697 879 aetas
1718 828 1747 879 111

147 920 175 970 in
194 925 354 971 ceterorum
377 928 492 985 quoque
511 907 635 980 ejusdem
655 909 739 964 atatis
758 911 927 982 scriptorum
972 907 1046 962 idem
1060 905 1132 962 illud
1147 909 1277 963 saeculum
1296 907 1424 963 incidisse
1437 907 1559 976 videtur,
1581 919 1645 965 ante
1663 911 1747 966 Chri-

148 997 407 1076 permultoscadit,
429 997 465 1052 de
483 996 586 1068 quihus
598 1013 675 1050 nunc
694 999 804 1051 nonnisi
817 1015 850 1051 ex
869 995 926 1051 fra-
971 1004 1044 1047 stum
1064 1006 1161 1048 natum
1183 995 1360 1067 proximum,
1384 1011 1441 1065 quo
1464 993 1561 1050 laudes
1591 997 1748 1051 Polemonis

147 1091 266 1162 gmentis
276 1086 433 1158 judicatur,
441 1083 517 1138 idem
530 1082 602 1137 valet
612 1081 648 1136 de
660 1083 821 1140 Polemone.
833 1087 924 1138 Accu·
971 1099 1077 1134 summe
1090 1079 1239 1138 florebant.
1255 1083 1296 1136 De
1311 1081 1412 1154 quibus
1425 1083 1598 1154 potissimum
1620 1083 1703 1138 rebus
1719 1085 1747 1139 hi

53 1173 61 1190 '
148 1178 281 1230 ratissima
292 1175 320 1228 hi
331 1185 359 1226 et
368 1171 526 1225 doctissime
537 1181 569 1222 ut
581 1174 628 1223 sua
640 1179 720 1223 aetate
730 1187 798 1240 quas
808 1172 927 1242 quisque
971 1167 1121 1241 scriptores
1133 1186 1197 1222 eum
1217 1168 1406 1222 consuluerint
1428 1185 1515 1240 quum
1531 1187 1565 1224 ex
1589 1169 1749 1243 fragmentis

149 1272 314 1317 tractaverat
328 1277 371 1313 res
385 1257 607 1330 expiraverant,
620 1273 718 1309 verum
727 1257 863 1310 succrevit
874 1257 926 1310 alia
972 1265 1063 1327 patet,
1085 1267 1145 1308 tum
1163 1273 1195 1310 ex
1211 1257 1286 1308 omni
1305 1271 1400 1308 carum
1415 1255 1584 1322 litterarum,
1604 1257 1749 1328 inquibus

148 1349 273 1416 soboles,
289 1344 460 1420 quae'eadem
471 1341 562 1396 studia
577 1342 664 1394 coluit
677 1341 779 1412 partim
795 1341 831 1396 ad
845 1361 924 1397 usum
974 1343 1087 1396 Polemo
1106 1343 1251 1408 excelluit,
1272 1343 1380 1395 ratione
1399 1343 1547 1397 existimari
1570 1353 1667 1414 potest.
1684 1346 1749 1399 Eas-

149 1433 405 1498 accommodatius,
425 1429 528 1502 partim
544 1429 628 1483 etiam
641 1427 752 1482 doctius
770 1447 802 1482 ac
817 1429 924 1484 melius.
972 1427 1036 1482 dem
1059 1427 1189 1482 videlicet
1208 1445 1252 1498 res
1273 1428 1317 1482 hic
1334 1427 1387 1481 illis
1404 1429 1470 1482 viris
1488 1429 1698 1501 suppeditabat,
1714 1432 1749 1486 dc

150 1527 188 1578 lta
206 1523 313 1578 factum
327 1519 460 1585 arbitror,
474 1527 506 1570 ut
517 1515 677 1570 Polemonis
688 1517 789 1587 scripta
804 1517 926 1588 primurn
973 1514 1076 1586 quibus
1089 1533 1140 1568 uos
1154 1513 1287 1568 adhibere
1299 1513 1419 1566 solemus
1435 1515 1606 1570 Pausaniam.
1623 1548 1659 1557 —
1673 1517 1751 1572 later

149 1631 162 1664 a
174 1611 312 1676 litteratis,
325 1603 428 1662 deiude
441 1621 455 1658 a
469 1601 589 1656 librariis
599 1601 725 1674 neglecta
734 1604 796 1670 sint,
807 1601 928 1674 denique
973 1617 1020 1654 eos
1034 1601 1184 1674 scriptores
1201 1617 1321 1672 quorum
1343 1617 1429 1672 opera
1451 1603 1609 1657 etiamnunc
1628 1615 1748 1672 exstant,

149 1697 287 1752 oblivioni
310 1693 509 1764 objicerentur.
536 1689 719 1760 Antiquiores
740 1707 808 1743 vero
830 1693 928 1762 quanti
974 1688 1075 1744 Strabo
1094 1697 1121 1742 11
1140 1685 1304 1742 Plutarchus
1324 1697 1450 1740 nostrum
1474 1697 1501 1742 et
1522 1689 1668 1752 nominant
1687 1691 1751 1764 plus

149 1803 213 1839 eum
225 1783 343 1838 fecerint
357 1791 415 1832 tum
428 1795 461 1832 ex
471 1777 581 1830 ‹lisertis
595 1776 798 1832 nonnullorum
810 1777 928 1831 testimo·
973 1777 1056 1828 semel
1084 1793 1176 1848 neque
1201 1793 1260 1828 non
1285 1775 1344 1828 aliis
1372 1775 1455 1846 locis,
1481 1777 1531 1830 ubi
1562 1793 1666 1831 nomen
1692 1780 1751 1850 ejus

149 1875 219 1946 niis,
233 1881 293 1924 tum
305 1866 372 1922 inde
382 1863 557 1936 intelligitur,
571 1861 650 1934 quod
668 1859 843 1944 doctissimus
854 1865 927 1935 quis·
973 1862 1078 1928 siletur,
1095 1881 1158 1916 eum
1174 1879 1318 1934 usurpasse
1333 1861 1474 1917 videntur.
1493 1865 1534 1917 De
1551 1863 1690 1918 Strabone
1710 1867 1746 1924 11,

149 1977 205 2031 que
218 1957 277 2029 ejus
293 1953 401 2027 scriptis
418 1967 482 2004 usus
497 1957 547 2003 est.
566 1948 734 2002 Testimonia
749 1957 850 2021 praesto
866 1943 948 2003 sunt¹
974 1959 1034 2004 not.
1051 1947 1087 2002 ad
1101 1947 1138 2003 fr.
1159 1945 1205 2000 30.
1224 1949 1270 2014 81,
1287 1947 1321 2000 dc
1336 1947 1486 2002 Plutarcho
1501 1947 1537 2004 11.
1563 1967 1605 2017 ¹7·
1629 1945 1675 2006 382
1697 1943 1749 2016 66',

150 2047 272 2119 primum
284 2038 439 2105 Plutarchi,
450 2035 550 2108 optimi
559 2035 657 2090 talium
669 2052 762 2088 rerum
774 2037 926 2090 aestimato-
966 2046 1001 2090 ·et
1022 2036 1070 2088 ubi
1089 2036 1125 2090 dc
1145 2035 1239 2089 statuis
1256 2033 1434 2106 donariisque
1454 2035 1597 2108 Delphicis
1615 2052 1751 2093 memorat

149 2135 201 2200 n‘s,
214 2133 264 2204 qui
278 2131 307 2182 in
321 2128 448 2200 Sympos.
461 2122 575 2195 Quasstt.
592 2122 625 2190 V,
640 2137 656 2174 a
674 2119 728 2194 (fr.
745 2118 795 2196 17)
807 2163 814 2189 ,
826 2121 888 2184 Τοῖς
900 2119 927 2178 δὲ
974 2139 1035 2193 quae
1045 2123 1213 2194 periegetam
1224 2119 1365 2187 redolent,
1376 2120 1493 2177 Deaud.
1506 2131 1585 2192 poet.
1598 2121 1625 2190 3,
1637 2125 1749 2194 Quaestt.

151 2205 774 2292 Πολέμωνος,11111111,τοῦ’11ηνοίουπερ“ιτῶν
785 2207 811 2263 ἐν
822 2207 930 2285 Δελφοῖς
974 2209 1070 2282 Symp.
1093 2209 1126 2276 V,
1153 2227 1183 2274 1,
1202 2209 1243 2263 Dc
1264 2207 1343 2279 Pyth.
1364 2225 1440 2264 orac.
1464 2224 1491 2265 1,
1516 2205 1638 2263 Plurima
1659 2219 1751 2265 tamen
1834 2246 1841 2256 -

150 2305 288 2384 θησαυρῶν
304 2290 379 2374 cipes
389 2295 428 2352 ὅτι
439 2295 543 2359 πολλοῖς
555 2293 626 2368 ipris
637 2292 801 2371 ἐντυγχάνειν
811 2293 930 2370 1111111111
974 2295 1129 2370 fragmenta
1148 2295 1266 2350 serravit
1287 2294 1434 2349 Athenaeus
1453 2295 1627 2364 Naucratim,
1650 2300 1699 2370 qui
1724 2311 1751 2352 ct

152 2398 220 2460 pm,
237 2387 284 2447 ml
296 2383 365 2466 χρὴ,
383 2381 587 2456 πολυμαθοῦς
600 2379 703 2438 καὶού
723 2377 930 2448 νυστάζοντος
974 2380 1032 2452 ipse
1046 2379 1161 2438 forsitan
1182 2382 1340 2437 Polemonis
1353 2381 1443 2437 libros
1455 2383 1585 2455 inspexit,
1602 2383 1650 2439 sed
1663 2387 1751 2440 maxi·

150 2482 259 2540 ἐντσῖς
271 2455 476 2550 ‘hilarescis
490 2465 691 2544 πράγμασιν
706 2465 828 2544 ἀνδρός.
847 2470 928 2524 Simi-
974 2485 1048 2522 mam
1062 2479 1188 2542 partem,
1211 2487 1272 2542 quae
1292 2469 1350 2539 ejus
1366 2468 1541 2524 consuetudo
1559 2479 1613 2538 cst,
1630 2490 1663 2526 ex
1683 2476 1752 2528 anti-

152 2571 214 2623 liter
223 2561 333 2636 judicat
348 2557 505 2632 Stephanus
518 2557 794 2628 Byzantiumquico
810 2558 873 2610 loco
888 2576 931 2611 se·
976 2556 1107 2626 quiorum
1137 2557 1269 2630 operibus
1295 2558 1497 2629 transcripsisse
1525 2557 1647 2612 videtur.
1675 2559 1752 2615 ldem

152 2657 248 2727 quitur
263 2645 414 2707 Aristidem
426 2643 581 2711 Milesium,
602 2642 637 2697 de
650 2661 707 2715 quo
724 2645 860 2716 scriptore
872 2645 930 2698 disi
976 2641 1052 2695 cadit
1064 2644 1273 2698 inclementem
1287 2643 1522 2714 Alexandrinum,
1536 2645 1614 2717 eujus
1625 2647 1753 2704 doctrina

151 2741 187 2794 ad
201 2741 236 2797 fr,
253 2737 306 2804 3⁰3
322 2753 351 2790 r.
364 2729 459 2803 Steph.
483 2733 513 2787 Β.
535 2747 563 2785 r.
586 2723 712 2797 Δωδώνη·
727 2761 761 2770 --
778 2727 931 2805 προσθετέον
976 2729 1146 2800 antiquaria,
1166 2747 1250 2802 quam
1267 2739 1386 2783 ostentat
1408 2732 1536 2802 inprimis
1549 2733 1751 2806 Protrepticus,

151 2815 237 2902 οὖντί),
246 2820 392 2898 περιηγητῇ
406 2813 542 2890 Πολέμωνι
552 2812 692 2892 dupiicia
703 2813 760 2883 τὴν
771 2813 931 2884 Δωδώνην
975 2815 1079 2869 bonam
1088 2827 1198 2888 partem
1208 2833 1241 2870 ex
1253 2825 1349 2870 nostro
1360 2815 1482 2870 deducta
1494 2815 1605 2870 videtur
1615 2839 1623 2885 3
1634 2837 1661 2875 v.
1674 2823 1752 2893 praef.

153 2904 367 2982 ἐπισταμένῳ.
379 2934 416 2948 -
427 2905 455 2959 Si
468 2921 517 2958 eos
530 2903 648 2974 quaeris,
659 2905 708 2976 qui
726 2903 878 2958 Polemone
890 2906 931 2958 usi
976 2903 1098 2974 epistolae
1114 2901 1150 2957 ad
1170 2903 1292 2956 Attalum
1311 2901 1437 2973 scriptae3
1453 2903 1576 2974 itemque
1596 2905 1624 2958 in
1642 2905 1754 2982 Har-po.

153 3001 206 3053 sint
215 2999 330 3070 ejusque
344 2992 476 3063 reliquias
489 2989 525 3044 ad
539 2997 663 3044 nostram
673 2999 779 3042 aetatem
792 3007 931 3063 propaga·
976 2990 1144 3057 crationem,
1160 2987 1341 3061 Hesychium,
1354 2997 1472 3042 ceteros.

155 3087 259 3154 verint,
280 3078 419 3137 mittenda
446 3086 511 3131 stant
538 3075 652 3130 nomina
673 3075 807 3148 illorum,
831 3078 932 3148 quibus
1019 3077 1275 3148 «Deniquepaoca
1290 3073 1411 3145 adjicere
1421 3066 1532 3146 jurabit
1546 3075 1581 3131 de
1597 3075 1708 3132 dicendi
1724 3099 1755 3135 ac.

155 3189 228 3226 nunc
241 3170 365 3244 plurima
378 3165 598 3238 fragmentorum
608 3179 674 3235 pars
683 3161 812 3230 debetur,
826 3161 928 3217 lexien-
976 3160 1129 3216 disserendi
1153 3179 1273 3236 genere,
1296 3161 1375 3234 quod
1393 3163 1521 3234 sequitur
1541 3165 1668 3222 Polemo.
1689 3167 1755 3221 Erat

155 3258 341 3331 graphas-um,
357 3251 583 3316 scholiastarum,
601 3249 726 3303 Athenaei
742 3267 749 3301 1
764 3251 812 3320 qui
827 3251 931 3304 rivulos
976 3247 1022 3302 illa
1044 3259 1106 3304 actas
1125 3252 1242 3303 anulino
1257 3249 1341 3304 rebus
1359 3265 1444 3321 quam
1461 3251 1582 3304 orationi
1599 3253 1754 3329 intentior,

155 3363 217 3400 suos
229 3339 493 3400 duxeruntexlreta
503 3337 632 3392 ubertate
645 3337 839 3408 antiquiorum
853 3355 930 3392 com·
976 3353 1033 3407 quo
1056 3338 1164 3392 accedit
1194 3338 1273 3411 quod
1296 3327 1489 3412 argumentum
1516 3341 1602 3392 nostri
1623 3329 1755 3414 frigidum

157 3431 372 3496 mentatiorum,
390 3425 536 3480 lectissima
550 3424 618 3477 olim
634 3422 764 3478 doctrina
783 3423 927 3478 refertissi-
976 3425 1142 3499 plerumque
1163 3446 1194 3480 ac
1209 3427 1322 3481 minime
1337 3443 1424 3499 capax
1438 3426 1574 3482 facundiae
1589 3423 1658 3485 erat.
1675 3431 1755 3485 ln'so-

157 3537 279 3584 morum,
295 3521 485 3586 nuncpraeter
495 3511 629 3583 pauculas
640 3511 929 3582 11111111111111111111Ι
976 3512 1079 3567 lentior
1091 3515 1199 3584 fuisset,
1213 3515 1234 3567 si
1245 3516 1365 3569 nitorem
1376 3524 1403 3569 et
1415 3511 1579 3588 elegantiam
1590 3515 1756 3572 elocutionis
1819 3534 1824 3543 ·

157 3625 225 3660 rum.
239 3607 317 3660 luter
331 3619 404 3675 quos
415 3598 578 3671 cumprimis
593 3597 782 3652 nominandus
794 3599 932 3672 Didymus
978 3613 1118 3673 captasset.
1132 3603 1265 3656 Praeterea
1275 3599 1462 3675 reputandum
1474 3601 1553 3675 quod
1564 3608 1754 3659 commentarii

158 3691 374 3757 Alexandrinus,
391 3685 542 3742 Aristarchi
555 3684 716 3758 discipulus.
740 3685 766 3740 ls
778 3688 860 3741 toties
879 3705 930 3742 no·
978 3685 1038 3762 ejus
1063 3708 1095 3743 es
1121 3689 1328 3762 impeditissima
1352 3687 1583 3756 adnotationum,
1612 3709 1680 3762 quas
1704 3693 1754 3745 sibi

157 3771 771 3846 111111111111111111111111,11111111νὶ1111,
791 3785 932 3848 quotquot
975 3777 1235 3850 peregrinabundus
1257 3777 1445 3850 undecunque
1466 3779 1683 3850 constipaverat,
1708 3798 1755 3832 su—

156 3885 228 3921 1111111
240 3873 363 3932 exstant,
374 3863 595 3936 fragmentorum
604 3869 711 3932 partem
724 3875 757 3914 ex
765 3859 846 3931 hujus
859 3883 931 3918 com-
976 3865 1114 3937 pellectilc
1135 3865 1298 3920 elaborandi
1313 3875 1401 3919 erant.
1417 3864 1556 3935 Quocirca
1572 3883 1614 3918 res
1634 3867 1661 3918 iu
1678 3865 1754 3920 libris

156 3954 312 4018 meritoriis,
325 3949 427 4022 qrribus
440 3965 536 4001 omnes
550 3946 637 4000 ferme
650 3947 799 4020 scriptores
813 3947 931 4004 adorna·
976 3951 1034 4022 ejus
1043 3951 1130 4024 magis
1139 3950 1175 4005 ad
1186 3951 1270 4005 instar
1282 3951 1504 4007 adversariorum
1516 3963 1659 4024 congestas
1671 3969 1753 4023 quam

155 4051 247 4106 verat,
274 4035 456 4111 repetendam
481 4044 595 4107 putem;
617 4033 714 4088 saltem
738 4035 767 4087 111
786 4041 932 4108 permultis
976 4037 1011 4092 ad
1026 4039 1091 4092 artis
1106 4037 1242 4092 rationem
1255 4037 1372 4111 digestas
1387 4037 1466 4092 fuisse
1479 4037 1664 4106 crediderim,
1680 4051 1754 4090 certe

156 4137 229 4180 certa
248 4125 363 4197 Didymi
385 4123 499 4195 vestigia
518 4119 778 4193 deprehenduntur,
797 4141 823 4176 v.
847 4123 881 4177 11.
904 4143 930 4179 a.
978 4125 1038 4178 talis
1059 4125 1280 4196 fragmentorum
1303 4123 1410 4178 indoles
1431 4123 1754 4198 11111111111111111οριωι

157 4218 183 4274 1..
211 4230 259 4266 aa.
283 4209 331 4265 36.
358 4209 476 4282 8691.
509 4225 558 4280 99.
578 4223 641 4263 101.
662 4209 703 4260 Ac
718 4209 801 4262 semel
817 4211 939 4281 quidem
976 4231 1056 4266 suum
1075 4213 1111 4264 ita
1133 4211 1303 4284 aggreditur,
1324 4221 1356 4265 ut
1373 4211 1451 4283 quod
1472 4209 1579 4265 viderat
1594 4209 1754 4265 audieratre

157 4298 293 4371 Didymus
310 4296 424 4351 dissidet
446 4313 462 4349 a
488 4294 640 4350 Polemone
664 4303 691 4346 et
713 4293 846 4349 adsersus
868 4317 930 4352 cum
976 4298 1099 4352 breviter
1119 4315 1150 4350 ac
1172 4297 1247 4351 nude
1269 4309 1380 4354 enarret
1405 4297 1453 4372 (11.
1472 4295 1540 4371 85),
1565 4291 1754 4369 (1111111111)-

155 4385 276 4458 disputat
295 4383 348 4454 (cf.
367 4382 402 4440 fr.
419 4377 485 4455 86l3
501 4381 630 4454 plurimis
647 4389 739 4434 tamen
755 4381 823 4435 locis
840 4385 868 4437 in
884 4395 930 4439 te·
977 4387 1109 4439 tissimum
1140 4382 1199 4456 (fr.
1228 4383 1292 4459 11)
1322 4398 1349 4438 11
1380 4387 1553 4458 picturarum
1589 4397 1751 4456 argumenta

155 4474 289 4527 stimoniis
311 4471 400 4524 nostri
423 4471 459 4522 ita
477 4468 642 4539 acquiescit,
664 4477 695 4520 111
713 4469 850 4540 optimum
873 4471 931 4542 cjus
978 4467 1030 4544 (11.
1066 4467 1114 4524 60.
1146 4467 1199 4544 63)
1226 4469 1262 4524 ad
1290 4471 1389 4527 indicis
1411 4475 1563 4529 siccitatem
1589 4467 1751 4540 adumbret,

156 4559 190 4613 de
200 4559 361 4613 Polemonis
369 4554 426 4610 11111
435 4575 467 4610 ac
477 4555 606 4609 doctrina
613 4553 749 4624 judicium
758 4553 839 4610 fuisse
849 4577 931 4630 opor·
976 4557 1092 4632 parique
1108 4548 1375 4632 modo'rlefungitur
1393 4559 1568 4614 enarratione
1582 4568 1751 4630 statuarum,

154 4655 217 4699 1111.
238 4644 363 4716 Didymo
381 4641 454 4697 adde
474 4641 678 4704 Aristonicum,
696 4641 743 4713 qui
767 4641 807 4696 illi
826 4661 931 4717 suppar
976 4655 1223 4699 monumentorum
1234 4645 1370 4712 omnium,
1384 4647 1651 4717 inscriptionum,ut
1663 4647 1752 4701 solent

154 4744 225 4798 1111,
244 4732 289 4786 cui
314 4727 448 4784 debemus
462 4727 497 4782 fr.
519 4725 565 4782 26.
590 4727 649 4782 llos
662 4738 754 4782 11111111
774 4741 880 4785 constat
897 4751 929 4787 cx
976 4749 1070 4786 rerum
1082 4731 1231 4803 plenissimi
1244 4731 1396 4786 verborum
1407 4731 1559 4805 parcissimi
1572 4749 1637 4786 esse.
1651 4733 1753 4786 llultus

155 4819 306 4874 Aristarchi
332 4815 427 4870 schola
454 4815 549 4882 fuissc,
575 4833 632 4886 quo
656 4825 820 4888 argumento
848 4837 930 4891 supra
976 4830 1016 4873 est
1030 4821 1060 4872 in
1073 4819 1193 4871 aliorum
1212 4817 1375 4872 testimoniis
1393 4817 1584 4892 apponendis,
1606 4835 1661 4890 qua
1678 4820 1708 4872 in
1721 4833 1752 4871 re

154 4923 291 4960 naussum
307 4915 405 4958 contra
419 4903 617 4978 chenerum.
632 4905 736 4956 Verum
755 4905 816 4957 talis
835 4917 930 4963 noster
975 4905 1100 4977 sequitur
1113 4921 1167 4957 suae
1179 4905 1265 4959 aetatis
1275 4921 1399 4973 morem,
1418 4925 1475 4978 quo
1489 4905 1524 4958 ad
1538 4905 1648 4960 taedium
1664 4923 1752 4976 usquc

151 5002 223 5058 crat,
245 4999 276 5043 ut
297 4987 356 5059 ejus
377 4987 506 5044 doctrina
527 5001 555 5044 et
575 4990 742 5044 Aristarchei
764 5001 792 5042 et
812 4991 929 5046 Cratetei
976 4991 1125 5066 legentium
1135 4991 1192 5062 jam
1202 4991 1372 5064 Chrysippus
1381 4994 1482 5048 abusus
1491 5001 1559 5047 erat.
1572 4992 1657 5047 Suum
1668 4992 1759 5065 ipsius

148 5079 226 5148 juxta
240 5087 371 5150 egerent,
389 5077 469 5131 sicuti
483 5080 565 5133 11111111
580 5077 753 5132 Herodicum
772 5077 928 5135 Crateteum
973 5077 1111 5151 judicium
1125 5090 1189 5133 raro
1202 5089 1230 5134 et
1246 5081 1343 5152 paucis
1354 5079 1508 5135 admodum
1520 5079 1612 5136 verbis
1625 5081 1751 5150 interpo-
