3910 5728
225 257 281 338 ss*
848 279 882 350 Q.
905 275 1008 336 riou
1031 269 1201 336 uerutus

221 409 316 487 λόγοις.
332 411 386 468 Νῦν
406 397 450 466 ούν
470 403 559 476 ἀπιιδὴ
583 403 702 464 δέδοκταί
717 426 757 464 σοι
771 403 829 470 τοὺς
851 403 1000 472 νεανίσκους
1045 407 1108 462 cell.
1120 426 1148 480 p.
1167 405 1231 480 193,
1244 407 1278 462 b.
1292 406 1380 464 Solin.
1394 405 1494 478 Polyb.
1508 424 1534 462 c.
1551 405 1697 460 a:Ciucio
1709 405 1826 458 Romam

221 499 296 579 δεῦρο
306 495 423 573 κομίσαι,
434 495 520 576 χαίρω
529 517 557 552 τι
566 495 612 552 καί
621 494 724 573 πέμψον
734 491 847 560 ούςτινας
856 492 943 570 βούλιι
954 491 999 552 σύν
1044 497 1209 550 drrodecirua
1231 495 1393 568 olympiade
1418 495 1517 568 placet
1538 495 1695 560 conditam,
1722 495 1826 548 Pistori

221 581 384 663 docibilior
397 583 444 660 μίν
452 573 496 644 σύν
508 585 561 648 τοῖς
570 585 671 642 ι’λὸοῦσι
682 580 741 648 τοδς
750 582 845 648 παῖδας
855 579 923 659 ἀγόν,
933 581 1000 661 φρά-
1043 595 1149 638 octova.

221 695 295 732 σουσι
304 672 421 735 δἀὐτοῐς
434 672 526 730 ίκιῖνοι
535 667 568 727 τά
580 667 654 748 παρά
668 673 726 728 σοῦ.
745 695 757 722 ι
773 667 808 728 Ὁ
822 665 870 744 μίν
880 666 912 737 δὴ
923 666 1000 726 ταῦτ’
1423 683 1449 740 3,

221 757 320 836 ίλιγιν,
334 755 465 830 άναόολὴν
484 756 603 834 τὸρέσὸαι
619 755 772 834 βουλόμενος
791 755 844 822 τοῖς
863 753 941 813 παισί
953 759 998 813 τοῦ

220 843 345 916 θανάτου,
355 843 400 904 καί
413 842 470 920 άμα
484 842 558 910 αύτδς
570 843 717 921 ἀποδρᾶσαι
730 841 788 910 τοὺς
803 843 920 920 άγοντας,
933 843 1000 900 ἀπει-
1085 827 1226 882 Plutarch·
1248 827 1363 884 R⁰¹¹¹¹¹¹·
1380 843 1405 882 ⁰·
1430 829 1463 890 ’ὁ
1480 843 1487 880 ³
1501 821 1627 902 Τέἳᾶρῖψ
1640 818 1667 880 δέ
1680 821 1743 898 μηνὶ
1758 821 1825 898 iiii

220 932 267 990 δάν
281 933 308 992 ἀν
326 933 379 1000 τοῖς
394 931 465 1014 ὁρισι
482 930 602 1010 γίνηται,
621 929 739 998 ἐλπίσας.
755 929 888 1002 Ἀμούλιος
906 928 932 988 δὲ
947 929 1000 996 τοῖς
1043 911 1091 982 τί*
1112 911 1205 984 *iiiito
1222 914 1257 977 ὡς
1272 909 1376 977 Φάὸῑθί
1389 911 1504 988 ἱσὸίίῑῖι
1517 907 1547 968 τὸ
1566 907 1626 988 mli
1641 907 1689 988 fit*
1705 909 1827 988 tprsytv

220 1020 384 1088 πιστοτάτοις
398 1023 449 1080 τῶν
469 1020 620 1099 ὁπλοφόρων
634 1018 781 1086 ἐπιστιίλας
797 1017 897 1100 κρύφα,
910 1016 953 1084 ob<
967 1017 999 1076 ἂν
1044 1002 1173 1076 lwliiiiii
1188 1002 1239 1056 Τῶν
1253 1001 1381 1076 Ῥνῑῑὸῶὸ
1393 997 1401 1078 ί
1413 1001 1581 1056 sabimi'um
1590 1001 1611 1074 l·

220 1112 234 1166 ὁ
248 1107 376 1188 σνφορύὸς
394 1108 480 1176 αὐτοῖς
494 1107 563 1184 δείξῃ
583 1106 761 1174 συλλαόόντας
774 1109 808 1174 ὥς
822 1105 899 1165 αὐτόν
914 1105 999 1182 άγιιν,
1423 1145 1438 1204 4

220 1197 375 1256 ἀποστέλλει
388 1195 432 1254 iti
449 1195 562 1274 ταχέων.
577 1196 670 1255 Ταῦτα
684 1193 711 1254 δέ
729 1193 935 1276 διαπραξάμενος
949 1195 997 1251 σύ·
1327 1211 1332 1220 ’
1443 1181 1451 1198 ’

220 1283 280 1344 τίκα
293 1285 400 1364 γνώμην
415 1285 527 1344 ίποιιίτο
538 1281 652 1350 καλέσας
670 1282 712 1342 τὸν
728 1282 838 1363 ἀδελφὸν
853 1283 880 1340 ἀν
894 1283 998 1361 φυλακῇ
1083 1289 1201 1360 Dionys.
1221 1287 1266 1356 ll,
1284 1285 1321 1342 38
1343 1306 1351 1342 τ
1373 1286 1493 1360 Tarpeia
1514 1286 1634 1344 Sabinos
1653 1289 1734 1344 Tatio
1755 1289 1830 1344 duce

220 1373 329 1454 ἀδέσμῳ
340 1371 419 1451 ίχιιν,
431 1369 479 1436 lue
497 1369 531 1428 ἀν
543 1361 572 1428 ιδ
584 1375 662 1442 θῆται
675 1371 708 1430 τά
722 1371 848 1450 παρόντα·
863 1371 908 1428 καί
923 1369 998 1428 αὐτὸν
1044 1377 1214 1450 Capitolium
1225 1393 1400 1448 aggressuros
1411 1375 1565 1448 conspicit,
1575 1371 1621 1430 καί
1630 1371 1721 1443 αὐτὴν,
1734 1377 1769 1440 ὡς
1779 1373 1828 1449 μὲν

219 1465 254 1528 ὡς
266 1461 307 1520 ltr'
322 1459 395 1540 άλλιρ
406 1459 438 1532 δή
455 1483 506 1518 τινι
519 1460 617 1520 ἐκάλει.
632 1459 664 1520 ‘0
677 1461 704 1518 δδ
717 1459 873 1524 ἀποσταλείς
891 1457 1000 1536 άγγιλος
1044 1460 1149 1528 diriditis
1158 1483 1186 1518 τε
1199 1462 1245 1519 καί
1259 1459 1365 1538 Κίγκιος
1376 1461 1535 1540 γράφουσιν,
1546 1459 1611 1540 ὁρως
1622 1459 1768 1538 είσίργρται
1778 1465 1830 1520 τῶν

219 1549 307 1630 ιύνοίφ
319 1570 347 1606 τε
361 1553 405 1608 τοῦ
416 1547 602 1614 κινδυνεύοντος
615 1547 660 1606 καῖ
672 1546 737 1628 ἐλέῳ
749 1551 794 1618 τῆς
806 1545 887 1625 τύχης
899 1543 999 1622 ἀπιτρέ-
1043 1549 1156 1630 ψαλίων,
1174 1547 1265 1628 daupi
1281 1549 1334 1616 τοῖς
1349 1548 1491 1628 ἀριστεροῖς
1510 1547 1646 1626 βραχίοσιν
1661 1547 1768 1627 ίφόρουν
1782 1551 1829 1606 καί

222 1640 288 1716 ψας,
302 1633 446 1714 κατήγορος
466 1635 564 1712 γίνεται
584 1638 622 1714 τῷ
645 1634 773 1712 Νομίτορι
795 1638 841 1704 τῆς
862 1633 999 1708 Ἀμουλίου
1043 1642 1095 1698 τῶν
1105 1635 1247 1695 δακτύλων.
1257 1639 1480 1712 insequentibus
1492 1636 1528 1716 (c.
1539 1636 1641 1712 39)ex
1652 1639 1829 1696 PisoneDio·

220 1723 345 1802 γνώμης.1
392 1723 426 1784 Ὁ
440 1721 468 1782 δέ
481 1723 533 1790 τοῖς
545 1723 622 1782 παισί
634 1721 754 1794 δηλώσας
765 1721 808 1780 τδν
823 1719 999 1799 κατειληφότα
1043 1729 1137 1800 nysius
1154 1725 1240 1782 refert
1252 1727 1400 1800 Ταηνοῖιιιτι
1424 1727 1522 1781 initam
1540 1743 1606 1781 cum
1621 1727 1702 1781 Tatio
1725 1727 1830 1799 prodi-

220 1811 335 1872 κίνδυνον
346 1809 447 1886 αὐτούς,
460 1810 504 1868 καί
514 1809 775 1889 παρακιλευσοίμινος
787 1807 1001 1889 άνδραςάγαύοίιε
1045 1817 1151 1871 τίουσαι
1172 1832 1224 1888 per
1237 1815 1368 1870 nuntium
1381 1814 1505 1870 Romulo
1523 1813 1712 1870 indicaturam
1728 1814 1828 1883 luisse,

219 1897 348 1976 γενέσθαι,
358 1903 445 1980 παρῆν
456 1897 526 1974 άγων
535 1897 714 1974 ὡπλισμένους
724 1896 767 1956 ἀντί
776 1895 809 1954 τά
820 1895 940 1975 βασίλιιοι
949 1898 1001 1954 τῶν
1045 1903 1175 1958 nuntium
1188 1919 1257 1958 vero
1272 1901 1309 1956 ad
1322 1919 1415 1977 regern
1429 1901 1600 1960 Sabinorum
1612 1900 1789 1975 transfugisse
1800 1911 1830 1957 et

219 2009 247 2046 τι
266 1986 354 2046 ἄλλων
372 1987 492 2046 πιλατιῖιν
507 1985 552 2044 καί
566 1985 676 2066 ἑταίρων
690 1983 736 2042 καί
757 1982 894 2063 θεραπείας
908 1985 1001 2054 πιστῆς
1045 1991 1087 2044 illi
1102 1989 1216 2048 consilia
1228 1989 1353 2062 Tarpeiae
1373 1987 1519 2045 indicasse.
1532 1986 1643 2044 Deinde
1654 1987 1767 2058 subjicit
1778 2007 1784 2041 :
1796 1989 1831 2044 ut

219 2077 296 2155 χιῖρα
307 2076 355 2134 οὐκ
364 2073 465 2154 όλίγην.
477 2063 562 2134 Ἧκον
574 2073 602 2136 ii
615 2075 660 2134 καί
670 2075 695 2132 οἱ
705 2075 736 2132 lx
749 2073 800 2130 τῶν
812 2073 898 2150 ἀγρῶν
910 2073 1001 2128 συνελ·
1046 2076 1074 2134 di
1086 2075 1148 2154 περί
1159 2073 1202 2132 τὀν
1217 2071 1323 2134 Φάόιόν
1337 2094 1366 2130 τι
1381 2071 1427 2132 καί
1439 2071 1548 2150 Κίγκιον
1562 2070 1635 2130 ούδίν
1655 2077 1769 2130 τοιοῦτον
1783 2073 1832 2131 λε’-

220 2160 305 2230 θόντις
321 2165 357 2230 είς
369 2161 417 2236 τὴν
428 2162 521 2233 πόλιν,
541 2161 704 2226 ἐκλείποντας
716 2157 764 2230 την
778 2155 885 2238 άγορλν,
901 2157 1002 2238 ἔχοντες
1045 2184 1120 2239 γουσι
1132 2160 1280 2240 γεγονέναι,
1295 2157 1364 2218 ἀλλά
1373 2157 1484 2239 φυλάξαι
1495 2157 1543 2229 τὴν
1553 2157 1637 2237 κόρην
1648 2156 1829 2217 deuteteron-

220 2249 272 2310 tet
284 2259 341 2318 ταῖς
357 2251 508 2332 περιόολαῖς
522 2250 622 2306 ἑαυτῶν
637 2246 696 2328 ξίφη
713 2246 897 2326 κεκρυμμένα,
914 2253 1002 2326 στῖφος
1045 2271 1090 2308 ται
1102 2249 1149 2314 τάς
1159 2247 1220 2327 περί
1230 2243 1277 2318 τὴν
1287 2245 1427 2326 προδοσίαν
1440 2245 1577 2314 ωινὸήκας
1589 2243 1623 2303 τά
1636 2243 1665 2304 ii
1677 2243 1735 2316 ἑξῆς
1748 2245 1833 2304 άπαι-

220 2339 356 2418 κρατιρόν.
374 2337 535 2413 Βιασάμινοι
548 2336 576 2396 tt
586 2335 634 2406 τλν
649 2332 747 2394 εἴσοδον
760 2333 842 2412 ἀθρόα
853 2337 922 2414 ὁρμῇ
936 2333 1002 2391 πάν·
1046 2357 1088 2404 τις
1101 2335 1181 2394 πάλιν
1202 2334 1297 2410 ὁμοίως
1314 2332 1469 2414 γράφωσιν.
1483 2337 1552 2390 Μοκ
1568 2344 1662 2390 nmen
1680 2336 1782 2390 iterum
1797 2355 1833 2394 cx

219 2447 274 2496 τις,
285 2427 315 2484 ού
328 2425 433 2490 πολλοῖς
443 2423 561 2490 ὁπλίταις
575 2419 779 2502 φρουρουμένην,
792 2418 1002 2500 ἀποσφάττουσιν
1047 2429 1147 2483 Pisone
1153 2437 1234 2481 notat
1240 2425 1409 2482 narrationis
1416 2424 1632 2498 discrepantiam
1640 2441 1666 2478 c.
1678 2429 1731 2488 lo:
1742 2419 1775 2481 ‘0
1783 2421 1832 2496 μὲν

221 2513 335 2578 εύπιτῶς
347 2512 391 2570 τὸν
409 2511 544 2587 ’λμούλιον
558 2512 604 2570 καί
623 2506 690 2586 μιτά
701 2512 778 2566 τοῦτο
796 2505 843 2579 τὴν
856 2507 938 2587 άκραν
952 2531 1003 2566 κα·
1048 2510 1154 2570 Πείσων
1173 2507 1238 2590 φησί
1252 2512 1304 2566 τῶν
1321 2507 1442 2568 Σαόίνων
1456 2507 1500 2566 τάν
1513 2505 1610 2588 χρυσδν
1625 2507 1735 2584 ίτοίμων
1749 2507 1832 2567 όντων

220 2598 443 2678 ταλαμὸάνοντσιι.
456 2603 570 2660 Ταῦτα
585 2596 641 2674 μίν
650 2587 703 2654 ούν
714 2604 782 2662 τοῖς
791 2595 867 2674 περί
876 2595 929 2654 τὸν
941 2595 1002 2656 Φά-
1048 2597 1146 2656 διδόναι
1159 2601 1192 2676 τῇ
1206 2595 1271 2676 κόρῃ
1283 2595 1328 2655 τίον
1339 2597 1399 2676 περὶ
1412 2605 1464 2662 τοῖς
1479 2598 1622 2676 ἀριστεροῖς
1635 2595 1771 2676 βραχίοσι,
1783 2597 1832 2666 τὴν

221 2686 291 2748 ύιον
307 2686 446 2767 ιίρηται.
464 2689 506 2748 Cf.
521 2688 629 2744 Dioclis
642 2687 804 2760 Peparethii.
814 2685 849 2742 ir.
868 2704 895 2743 α.
1047 2685 1183 2763 Τάρπειαν
1198 2685 1228 2742 ού
1247 2684 1290 2743 τὸν
1305 2683 1414 2761 κόσμον,
1429 2683 1497 2742 ἀλλά
1510 2684 1569 2750 τοὺς
1590 2684 1694 2764 ὁυριοίις
1705 2685 1767 2764 παρ’
1781 2689 1834 2744 αύ-

1047 2777 1099 2831 τιῗνν
1109 2773 1190 2831 αἰτεῖν
1201 2773 1283 2834 κτλ...
1295 2775 1330 2833 Ol
1341 2772 1368 2830 δὲ
1379 2771 1440 2852 περὶ
1452 2771 1496 2832 τὸν
1510 2771 1616 2834 betto
1628 2772 1671 2831 έπλ
1683 2781 1736 2838 τοῖς
1748 2772 1834 2834 Σαόί-

1047 2863 1215 2926 νοιςποιοίῖσι
1228 2858 1277 2930 rio
1290 2863 1341 2918 τῶν
1353 2860 1498 2936 ὁμολογιῶν
1513 2859 1629 2931 ἀπάτην.
1643 2859 1707 2920 Δίον
1718 2859 1769 2940 γάρ
1781 2863 1834 2918 αὖ·

260 2953 378 3026 Dionys.
392 2953 456 3008 ilai.
472 2953 498 3026 1,
511 2971 537 3007 c.
552 2957 600 3022 74,
613 2949 710 3024 p.'187
724 2951 760 3006 u.
772 2967 779 3002 ι
789 2945 896 3010 Κόϊντος
905 2944 932 3004 δέ
943 2943 1002 3006 Φά-
1048 2947 1107 3013 τοὺς
1126 2947 1170 3006 τὸν
1190 2947 1297 3026 χρυσὸν,
1311 2945 1431 3027 ὥσπερὴ
1452 2950 1478 3008 Τ
1479 2947 1575 3027 άρπεια
1595 2947 1682 3019 ἠξίου,
1697 2947 1766 3006 κατδι
1787 2947 1835 3013 τάς

223 3037 277 3106 ύιος
291 3035 359 3097 κατά
370 3037 400 3097 τὸ
411 3041 514 3116 πρῶτον
526 3036 580 3103 ἔτος
594 3041 640 3108 τῆς
651 3035 743 3114 ὀγδόης
753 3035 915 3112 ὀλυμπιάδος
926 3035 1004 3110 (Ro-
1049 3035 1187 3114 ὁμολογίας
1207 3035 1371 3107 ἀποδιδόναι,
1384 3032 1591 3112 χαλεπαίνοντας
1611 3033 1654 3092 tet
1668 3037 1706 3112 τῷ
1727 3032 1834 3112 μεγάθει

221 3147 296 3186 enam
310 3127 453 3184 conditam
467 3126 533 3202 ait).
1048 3127 1094 3179 τοῦ
1109 3125 1201 3199 μισθοῦ
1223 3119 1256 3178 τά
1276 3120 1458 3200 σκεπαστήρια
1479 3120 1539 3180 κατ’
1560 3121 1639 3192 αὐτῆς
1658 3121 1775 3199 βάλλειν,
1798 3125 1835 3188 όις

261 3216 368 3274 Eadem
382 3233 416 3272 ex
429 3216 516 3272 Dion.
529 3213 632 3270 Euseb.
648 3213 716 3271 Chr.
728 3231 760 3286 p.
774 3211 831 3267 ²08
843 3213 923 3280 Mat,
934 3213 1001 3285 Syn·
1048 3214 1146 3282 ταῦτα,
1160 3207 1202 3266 ότε
1212 3206 1346 3284 ὤμνυσαν,
1358 3210 1424 3287 αὐτῇ
1437 3207 1528 3266 δύσειν
1540 3207 1746 3288 ὁπσσχομάνοιις.

597 2837 625 2874 2·

151 3393 154 3401 ¹
223 3381 250 3429 ut
259 3383 345 3446 praeter
355 3377 429 3427 rerba
440 3377 592 3427 manifestum
602 3377 1003 3437 ctiamreiargurnentumpossem
1050 3377 1122 3428 caut.
1139 3377 1213 3438 atque
1233 3374 1268 3424 ita
1282 3387 1364 3423 ττοαιιι
1376 3377 1504 3437 combam.
1526 3377 1586 3424 liter
1602 3377 1659 3424 sunt
1675 3387 1733 3440 quas
1748 3374 1838 3426 Fabius

223 3455 356 3509 estendere.
366 3459 437 3508 Nunc
450 3455 532 3517 igitur,
542 3455 640 3518 qtrando
652 3456 694 3508 tibi
708 3455 785 3508 risum
799 3453 944 3515 estjurenes
953 3453 1002 3501 buc
1046 3451 1139 3502 scribit.

222 3547 349 3596 ωοσοτοσο,
368 3531 460 3596 madeo
476 3531 592 3598 =protnde
606 3545 701 3586 moerim
718 3543 885 3596 qttoscutuque
900 3530 1020 3580 volturis
1430 3537 1457 3586 a.

224 3613 300 3664 nutu.
311 3615 359 3674 ago
368 3611 432 3662 enim
440 3609 469 3662 tis
477 3609 518 3674 qui
526 3611 635 3660 renuint
644 3621 731 3674 priuos
739 3608 864 3660 ostendam
882 3607 931 3656 :itii
945 3621 1004 3658 tero
1080 3627 1110 3683 Q¹
1123 3623 1211 3675 Fabius
1222 3627 1324 3676 Romam
1333 3625 1454 3676 meditem
1464 3625 1498 3675 ,γρ
1509 3573 1658 3688 Olympiae&
1667 3629 1760 3676 002„oe
1769 3641 1837 3677 m,

117 3710 122 3718 ·
223 3695 265 3740 tur
283 3687 396 3742 mandata
417 3688 473 3750 ipsis
493 3689 622 3754 exponent.
638 3707 649 3730 ν
666 3689 723 3737 timo
737 3689 817 3736 uutrm
840 3685 880 3735 illc
895 3684 1003 3746 dicebat,
1049 3702 1134 3764 mmo,

222 3780 333 3832 quarens
341 3767 459 3816 rationem
470 3777 516 3829 qua
529 3777 611 3816 necem
626 3766 744 3828 iuuenum
754 3764 876 3826 dillcrrct;
886 3763 1005 3826 simulque
1434 3789 1461 3839 3·

222 3859 333 3914 suerrus,
351 3857 391 3906 se,
410 3844 451 3894 ubi
468 3844 492 3894 in
509 3845 602 3897 montes
619 3845 718 3897 rentum
731 3846 806 3903 essct,
823 3843 869 3894 iliis
887 3857 901 3892 α
918 3843 1006 3909 quilius

223 3924 357 3976 ducebatur
366 3936 504 3972 erasmum.
521 3923 632 3975 Amulius
643 3935 701 3972 vern
712 3921 843 3972 satellitum
855 3921 1005 3972 fidelissimos

158 3995 164 4010 '
223 4015 280 4052 cum
290 4000 391 4050 οοοιιίίίε
402 3997 533 4059 mandatis,
549 4003 576 4049 ut
593 4011 654 4062 quos
670 3997 785 4048 subulcus
806 3999 862 4062 ipsis
879 3997 1006 4047 iudicasset

223 4071 408 4135 compreltensos
418 4070 448 4119 ad
458 4083 483 4120 se
494 4069 623 4131 ducerent,
630 4069 802 4118 ociusdirnisit.
809 4072 864 4126 Quo
874 4069 938 4118 iacto
947 4081 1005 4117 mox
1428 4064 1445 4112 4

223 4150 444 4202 decrerita'ccitum
455 4147 739 4200 adsesratremiulibera
751 4147 860 4200 custodia
872 4161 1004 4210 asservarn
1080 4153 1218 4215 Tarpeiam,
1236 4153 1264 4202 ut
1282 4152 1403 4204 Fabiuset
1415 4152 1512 4202 ctncius
1523 4151 1646 4212 scribunt,
1664 4149 1753 4214 cupido
1771 4153 1837 4216 cepit

223 4232 301 4280 donec
313 4231 454 4294 presentem
464 4241 545 4278 rerum
555 4231 646 4282 statum
660 4229 720 4278 benc
736 4228 907 4290 composuisset
916 4243 922 4277 :
931 4241 1006 4291 quare
1050 4230 1216 4290 armillarum,
1226 4243 1288 4292 quas
1298 4231 1322 4279 in
1334 4229 1436 4279 sinistris
1449 4227 1556 4280 braobiis
1569 4229 1649 4280 sabini
1661 4229 1800 4291 gestabant,
1809 4233 1836 4279 et

224 4309 291 4360 iilum
300 4307 369 4372 quasi
387 4305 475 4356 eliade
489 4305 701 4356 mirsaarcassirit
711 4308 742 4355 At
751 4305 850 4355 nuntius
866 4305 909 4368 qui
920 4305 1006 4355 missus
1051 4309 1195 4357 annulorum
1208 4321 1270 4370 quos
1281 4308 1397 4358 terebant.

1080 3888 1162 3936 biensa
1176 3889 1265 3948 quarto
1281 3889 1335 3949 post
1350 3885 1435 3936 urbem
1446 3885 1583 3946 modium,
1599 3887 1627 3936 ut
1637 3885 1726 3936 Fabius
1737 3850 1836 3950 must,

1050 3963 1165 4014 intulisses
1175 3963 1275 4014 &binas
1284 3976 1368 4025 rapere
1377 3968 1428 4013 aust
1436 3965 1501 4013 sunt.

224 4386 315 4446 tuerat,
326 4387 379 4440 tum
398 4383 553 4447 periclitantis
566 4381 796 4432 benevolentirtum
813 4383 886 4432 etiam
904 4383 1005 4432 misera·
1081 4385 1170 4434 Fabius
1187 4397 1245 4434 vero
1256 4387 1281 4435 et
1296 4385 1394 4434 cincius
1411 4385 1470 4435 nibil
1486 4385 1535 4435 tale
1551 4384 1664 4434 accidbse
1679 4384 1835 4444 dicunt‚sed

223 4464 398 4513 tioneiortunae
407 4465 552 4522 commotus,
562 4459 792 4511 Numitorimentem
803 4457 891 4510 Amulii
907 4459 1005 4510 indicat.
1050 4463 1155 4526 puellam
1169 4465 1240 4526 pacta
1250 4463 1392 4527 proditionis
1402 4475 1509 4514 scrrsaes
1518 4463 1648 4513 affirmant.
1663 4464 1728 4514 stin
1737 4463 1766 4512 iis
1778 4477 1835 4526 qute

225 4531 1005 4602 tilereroquumJuroribusperiouiutnimpendensdeclarasset,
1050 4541 1414 4604 sequunturomnesseriptores
1422 4541 1585 4591 consentiunt.

225 4617 429 4681 torquebortatus
437 4617 518 4668 iubset
526 4619 553 4666 ut
561 4629 587 4666 sc
594 4615 688 4666 torttter
694 4617 811 4678 gererent,
821 4615 1006 4677 quumfaiiorum
1082 4619 1136 4669 Piso
1144 4620 1179 4670 ait
1192 4619 1286 4670 Sabinis
1293 4620 1382 4682 paratis
1391 4633 1478 4670 aurum
1488 4621 1575 4682 puellm
1585 4609 1680 4670 tradere
1691 4619 1757 4682 quod
1768 4619 1793 4669 in
1804 4619 1834 4669 si·

225 4697 660 4748 cilentumetamioorumarmatornm
670 4697 724 4744 tum
733 4693 1005 4745 etinmbdeiissirnomm
1050 4696 1130 4746 ntstris
1145 4696 1249 4747 brachiis
1263 4697 1403 4760 gestabant,
1414 4697 1540 4760 Tarpeium
1556 4711 1604 4746 non
1616 4699 1729 4746 ornatum
1746 4697 1832 4758 iilum,

225 4775 427 4826 tumulorumnon
435 4775 519 4836 enimn
527 4789 599 4824 manu
607 4775 709 4838 stipatus
720 4773 750 4823 ad
758 4773 848 4835 regium
859 4773 934 4822 venit.
943 4775 1006 4830 Quin
1049 4773 1091 4824 sed
1103 4787 1186 4824 sonim
1195 4777 1264 4825 scuta
1274 4774 1368 4837 petiisse
1380 4777 1426 4824 etc.
1437 4775 1524 4825 Fabius
1533 4787 1591 4824 roro
1601 4775 1665 4824 banc
1674 4773 1783 4825 fraudem
1793 4779 1833 4825 sa·

225 4857 250 4904 ct
258 4851 405 4906 validissima
414 4851 543 4914 agrestium
550 4865 645 4914 manus,
655 4851 730 4914 quiin
739 4850 823 4900 urbem
835 4853 1021 4910 convenerant·
1049 4851 1111 4900 binis
1119 4851 1229 4901 attribuit
1240 4871 1246 4900 ι
1259 4853 1294 4901 ait
1302 4851 1366 4901 enirn
1377 4863 1429 4913 eos,
1441 4865 1518 4914 quum
1528 4865 1625 4912 eurum,
1635 4855 1664 4902 ut
1674 4851 1776 4914 Tarpeia
1787 4865 1832 4914 po-

225 4945 254 4981 eo
266 4931 345 4990 verb,
358 4929 411 4978 ioro
424 4929 524 4990 relicto,
535 4929 625 4991 gladios
643 4927 690 4978 sub
701 4927 809 4978 vestibus
822 4927 1003 4977 absmndentes.
1048 4930 1159 4990 stularat,
1177 4932 1296 4993 expertis
1311 4931 1407 4982 tradere
1423 4931 1554 4992 deberent,
1567 4929 1701 4994 indignatos
1714 4931 1833 4980 mercedis

224 5015 360 5072 omnesque
369 5007 520 5070 conglobati,
533 5008 614 5068 aditu,
628 5007 670 5070 qui
681 5008 788 5070 apauois
796 5006 912 5055 militibus
922 5019 1004 5055 serva-
1049 5007 1225 5070 magnitudine,
1235 5021 1302 5058 anns
1312 5009 1434 5071 quibusse
1447 5007 1557 5070 tegebant
1566 5009 1590 5057 in
1600 5009 1754 5071 ormisdae,
1764 5009 1833 5072 quod

225 5089 305 5150 batur,
316 5083 412 5152 pervim
422 5087 679 5149 occupato,tmuiirtm
685 5086 890 5148 dnenlionegotio
903 5086 1004 5138 obtrun·
1048 5084 1114 5144 bno,
1125 5097 1174 5148 quo
1184 5087 1291 5150 tempore
1299 5085 1432 5148 jurassent,
1442 5086 1477 5136 iiii
1488 5085 1659 5149 promisissent.
