3974 5732
850 355 1093 415 FRAGMENTA.

190 485 345 564 Λόριδνα,
363 483 436 550 πολις
453 483 649 563 Παφλαγονίας,
665 487 699 550 ὡς
720 483 879 563 Ἀλέξανδρος
896 487 922 541 ἐν

147 577 186 652 τῷ
200 573 258 652 περί
271 575 358 642 αὐτῆς.

392 718 480 774 ΠΕΡΙ
504 717 684 776 ΦΡΥΓΙΑΣ.

377 876 399 928 E
421 875 533 930 Ltulto
554 875 696 931 TERTIO.
759 831 769 842 -

488 1027 592 1096 tri-tri

190 1165 270 1220 ltleur
289 1186 295 1218 ε
313 1161 481 1236 luponio,
495 1163 567 1228 πόλις
586 1159 703 1240 Φρυγίας
715 1163 749 1226 ὡς
765 1160 816 1219 'At
836 1165 849 1218 θ
866 1162 921 1219 Πο·

149 1247 264 1328 λυίστωρ
285 1251 311 1306 ἐν
330 1250 409 1327 τρίτῳ
435 1247 499 1326 Περί
519 1247 646 1324 Φρυγίας.
676 1247 772 1306 Κτίσαι
794 1249 816 1304 δ’
844 1247 924 1318 αὐτὴν

148 1335 267 1410 Ἄκμονα
281 1333 324 1391 τὸν
340 1335 459 1398 Μανέως.

102 1416 111 1428 ’
191 1425 308 1500 Φαρνα
318 1419 386 1490 κία,
398 1418 472 1498 χώρα
487 1419 532 1477 καί
543 1417 615 1486 πόλις
628 1418 778 1490 Ποντικὴ...
790 1418 868 1480 Ἔστι
882 1419 926 1476 καί

148 1508 269 1588 Φρυγίας
283 1505 444 1585 Φαρνᾶκιον,
454 1509 488 1572 ὡς
498 1505 551 1568 Al.
566 1506 633 1584 Περὶ
646 1507 764 1584 Φρυγίας
776 1506 865 1586 τρίτῳ.

191 1595 330 1666 Γάλλος,
339 1592 455 1668 ποταμὸς
472 1591 600 1672 Φρυγίας.
613 1596 649 1654 0i
662 1594 786 1672 περίοικοι
796 1593 864 1650 κατὰ
880 1591 926 1668 μέν

149 1681 280 1758 Τιμόθεον
292 1681 542 1756 Πυταμογαλλῖται,
557 1681 626 1737 κατὰ
640 1679 666 1737 δέ
683 1679 852 1758 Προμαθίδαν
870 1683 927 1739 llo-

148 1767 363 1845 ταμογαλληνολ,
382 1765 424 1832 αθς
444 1766 613 1844 παρατίθεται
633 1769 647 1823 θ
667 1762 821 1844 Πολυΐστωρ
841 1768 867 1822 ἐν
888 1769 923 1844 τῷ

151 1854 222 1932 Περὶ
233 1853 353 1929 Φρυγίας
361 1851 448 1932 τρίτῳ·
460 1851 503 1909 καί
515 1850 554 1910 ότι
565 1851 609 1910 τδν
622 1853 722 1912 Γάλλον
735 1853 778 1908 καὶ
788 1852 831 1910 τθν
841 1851 927 1912 Ἄττιν

149 1939 284 2018 ἀποκόραι
301 1937 335 1996 τθι
355 1939 460 2014 αἰδοῖα,
480 1937 524 1996 καί
542 1937 586 1996 τὸν
604 1938 652 2015 μὲν
671 1941 693 1998 Γ
694 1939 772 1996 α’λλον
789 1941 869 1996 ἐλθεῖν
884 1939 927 1996 ἐπὶ

147 2029 195 2084 τὸν
207 2029 233 2086 Τ
234 2026 297 2104 ύραν
316 2025 434 2100 ποταμὸν
444 2026 488 2083 καί
498 2028 603 2096 οἰκῆσαι
614 2026 658 2084 καὶ
669 2025 712 2084 τὸν
722 2025 840 2102 ποταμὸν
856 2025 924 2085 Γάλ-

148 2113 196 2169 λον
209 2115 332 2170 καλέσαι·
343 2110 395 2168 αἰιτθ
406 2111 502 2170 ἐκείνου
512 2111 561 2191 γὰρ
574 2117 610 2190 il.
623 2112 680 2191 καὶ)
690 2112 747 2178 τοὺς
758 2112 927 2190 τεμνομένους

151 2197 186 2256 τὰ
201 2199 287 2257 αἰδοῖα
301 2196 418 2264 Γάλλους
430 2200 549 2258 καλοῦσι.

517 2355 564 2421 [ςθ.

501 2471 521 2512 ο
759 2499 766 2519 Ι
910 2497 917 2518 Ι

191 2503 356 2558 Plutarchus
369 2505 410 2559 De
425 2501 492 2560 tluv.
506 2523 532 2559 e.
549 2523 601 2572 ιο,
621 2524 632 2558 ι
650 2523 657 2557 2
671 2503 800 2581 Μαρσυας
813 2521 929 2574 παταμος

150 2591 209 2644 ἐστι
221 2591 267 2657 τῆς
279 2587 413 2666 Φρυγίας,
429 2585 497 2645 κατὰ
508 2587 582 2645 πόλιν
600 2587 730 2652 Κελαινὰς
741 2585 869 2661 κείμενος·
884 2609 929 2642 κα·

149 2675 306 2752 τηγαρεύετο
317 2673 343 2732 δέ
356 2674 480 2754 πρότερον
490 2673 562 2750 πηγὴ
577 2673 678 2748 Μίδου,
694 2675 727 2732 δι’
739 2673 825 2730 αἰτίαν
840 2669 927 2731 τοιαύ-

148 2783 212 2832 την·
223 2763 316 2834 Μίδας,
328 2759 447 2840 βασιλεύς
457 2762 581 2839 Φρυγῶν,
592 2759 729 2838 ἐρχόμενος
740 2760 773 2817 τὰ
782 2759 928 2838 ἐρημότερα

148 2854 198 2920 τῆς
215 2847 318 2934 χώρας,
331 2847 376 2905 καί
391 2846 496 2927 ἀνυδρίαρ
511 2846 692 2926 συνεχόμενος,
704 2845 790 2926 ἥψατο
804 2850 851 2916 τῆς
864 2849 926 2922 γῆς,

148 2935 198 2994 καί
216 2939 316 3014 χρυσῆν
331 2933 443 2991 ἀνέδωκε
457 2933 557 3013 πηγὴν,
571 2939 615 2992 τοῦ
631 2932 722 3000 ύδατος
741 2939 838 3012 χρυσοῦ
858 2954 929 3009 γενο-

149 3022 247 3097 μένου·
261 3021 307 3080 καλ
318 3020 439 3100 ύπύδιψος
452 3018 498 3098 ὧν,
512 3021 558 3078 καί
573 3024 624 3079 τῶν
640 3018 855 3096 ὑποτεταγμένων
869 3021 927 3077 θλι-

151 3106 288 3182 ὄομένων,
299 3105 474 3165 ἀνεκαλέσατο
485 3107 528 3164 τὀν
541 3105 674 3165 Διόνυσον.
687 3105 824 3180 Γενόμενος
836 3106 858 3161 δ’
871 3103 928 3174 ἐπή·

147 3273 329 3332 υρροτιαοιιιπ,
339 3271 424 3320 urbem
432 3271 549 3332 condidit,
559 3273 584 3320 et
592 3275 712 3333 Gangram
720 3271 856 3333 appellavit,
865 3269 932 3341 quod¹

149 3347 199 3396 lma
208 3361 298 3396 nomen
308 3350 360 3396 erat
369 3360 455 3409 συρτει.

187 3422 324 3478 [inridre.
344 3422 402 3472 urbs
411 3422 591 3486 Paphlagonia,
607 3424 635 3473 ut
644 3423 778 3474 Alexander
793 3424 817 3472 in
828 3423 889 3472 libro
902 3421 931 3472 da

149 3499 321 3563 nummata.

412 3629 462 3688 DE
483 3629 668 3690 PllllYGlA.

478 3761 608 3812 ‹ts-tr.

186 3881 322 3932 Acerronio,
332 3877 390 3926 urbs
403 3876 524 3939 Pbrygiae,
535 3878 562 3927 ut
573 3877 639 3926 Alex.
651 3876 702 3926 Pol.
717 3879 753 3925 De
763 3875 863 3936 pterygia
872 3874 932 3923 libro

149 3955 236 4008 θαθίο.
249 3953 390 4004 condidisse
400 3967 453 4003 eam
463 3954 521 4003 dieii
529 3959 659 4003 Aemonem
669 3952 745 4002 Manei
755 3952 839 4001 filium.

185 4033 354 4089 Pharnacis,
365 4034 430 4094 regio
439 4035 465 4082 ei
475 4032 533 4098 urbs
548 4033 676 4082 Pontica...
687 4035 730 4081 Est
741 4031 812 4081 etiam
826 4029 933 4092 Pluygiae

149 4109 328 4169 Pbaruaoium,
337 4111 365 4158 ui
373 4109 411 4158 Al.
426 4112 459 4158 De
468 4109 567 4171 Phrygia
576 4109 637 4162 libro
648 4109 726 4157 tertio.

188 4187 296 4242 Gallus,
310 4185 525 4249 tiuriusPtnygia.
535 4187 630 4236 Acootae
639 4185 770 4235 seeundum
780 4185 932 4235 Timotheum

149 4263 358 4324 Poirmogallitae,
371 4262 503 4311 secundum
512 4262 689 4312 Promethidam
699 4263 883 4324 Potamogaileui
893 4276 933 4312 no·

149 4341 294 4398 ιιιίοααῑιιτς
310 4341 421 4387 auctores
435 4339 489 4387 iilos
506 4338 564 4388 eitai
581 4337 716 4400 Polylxistor
734 4338 795 4386 libro
810 4339 881 4387 tertio
898 4341 934 4389 De

151 4416 268 4478 Ιθιτγρθα.
281 4415 348 4464 idem
358 4417 441 4464 narrat
450 4416 546 4484 datium
556 4417 581 4465 et
592 4416 657 4465 Attin
669 4415 778 4477 pudende
788 4415 933 4477 praecidisse,

148 4505 185 4542 aa
199 4492 297 4542 (indum
312 4491 405 4540 venisse
416 4490 446 4539 ad
462 4493 550 4553 Tyrum
562 4491 678 4552 fluvium,
689 4491 769 4553 ibique
779 4491 847 4540 sedes
857 4491 935 4540 irxime

150 4569 298 4631 numenque
315 4569 412 4619 Gallum
424 4569 567 4620 nominasse.
586 4569 623 4620 Ab
640 4569 724 4620 eodem
735 4569 807 4619 etiam
819 4571 935 4620 castratos

150 4647 347 4698 Gallosrooant.
594 4661 596 4668 ¹

523 4742 568 4793 48.

1684 363 1741 414 283

968 505 1025 548 κους
1039 486 1052 540 δ
1067 482 1135 551 θεὸς,
1157 479 1262 560 δαψιλὲς
1282 481 1351 558 ύδωρ
1369 480 1492 542 ἀνέτειλε.
1517 478 1696 560 Κομισθέντων
1714 479 1741 538 δέ

970 572 1019 625 τῶν
1041 571 1166 646 Φρυγῶν,
1183 567 1267 632 Μίδας
1286 567 1329 625 τδν
1348 569 1376 624 ἐκ
1396 571 1441 638 τῆς
1452 565 1547 645 κρήνης
1565 566 1741 645 καταρρέοντα

970 654 1086 730 ποταμὸν
1100 653 1182 714 Μίδου
1193 653 1279 732 πηγὴν
1291 653 1408 712 ἐκάλεσε.
1422 653 1618 727 Μετωνομοίσθη
1629 653 1656 711 δέ
1669 655 1742 732 Μαρ-

972 743 1034 808 σύας
1055 742 1099 799 διθι
1110 740 1233 811 τοιαύτην
1248 741 1342 801 αἰτίαν.
1358 738 1513 811 Νικηθέντος
1528 739 1571 796 ὑπ’
1585 738 1743 805 Ἀπόλλωνος

971 827 1097 906 Μαρσύου
1115 827 1160 885 καί
1182 826 1347 906 ἐκδαρέντος,
1365 828 1394 885 ἐκ
1412 831 1457 884 τοῦ
1475 825 1612 905 ῥεύσαντος
1634 824 1745 898 αἵματος

971 914 1142 990 ἐγεννήθησαν
1155 913 1269 994 Σαίτυροί
1278 935 1306 971 τε
1320 912 1366 970 καί
1377 911 1493 987 ποταμὸς
1503 910 1637 987 ὁμώνυμος
1647 956 1655 987 ,
1668 915 1744 990 Μοιρ·

971 1001 1033 1074 σύας
1047 1000 1219 1076 καλούμενος·
1228 1001 1312 1064 καθὼς
1321 1001 1418 1077 ἱστορεῖ
1428 996 1588 1076 Ἀλέξανδρος
1603 996 1743 1076 Κορνήλιος

971 1091 997 1146 ἐν
1012 1089 1035 1164 γ’
1049 1090 1220 1166 Φρυγιακῶν.

1179 1201 1341 1284 auarus
1361 1210 1535 1283 moinus,

1307 1365 1410 1439 49-51.

1012 1507 1107 1579 steph.
1123 1509 1144 1560 B
1161 1525 1167 1559 ι
1184 1502 1213 1562 'A
1225 1501 1289 1578 pc«
1299 1525 1364 1572 σον,
1379 1500 1537 1578 μητρόπολις
1555 1503 1606 1558 τῶν
1620 1503 1744 1580 Φρυγῶν,

977 1591 1011 1650 Ὁ
1023 1589 1131 1662 πολίτης
1145 1590 1322 1666 ἰθμόασίτης,
1346 1593 1380 1656 ύις
1396 1583 1550 1668 Πολυΐστωρ
1571 1589 1745 1665 Ἀλέξανδρος.

1012 1677 1239 1754 Μητρόπολις,
1257 1676 1331 1740 πόλις
1350 1673 1486 1752 Φρυγίας,
1507 1674 1559 1732 ἇπδ
1581 1679 1628 1744 τῆς
1650 1676 1747 1750 μητρὸς

971 1765 1022 1820 τῶν
1032 1766 1095 1821 θεῶν
1102 1763 1254 1834 οἰκισθεῖσα,
1261 1764 1295 1828 θις
1304 1762 1357 1822 itt.
1368 1763 1394 1818 ἐν
1406 1766 1442 1840 τῷ
1452 1759 1517 1842 Περὶ
1528 1761 1656 1841 Φρυγίας.
1668 1755 1747 1820 'llere

972 1849 1016 1906 καὶ
1031 1848 1098 1918 ἄλλη
1112 1847 1240 1925 Φρυγίας.

1012 1933 1204 2009 Μανήσιον,
1236 1932 1310 2000 πόλις
1336 1933 1469 2012 Φρυγίας·
1495 1932 1671 2012 Ἀλέξανδρος·
1695 1935 1748 1990 ἀπὸ

973 2020 1084 2092 Μόνον,
1099 2020 1197 2099 σφόδρα
1207 2020 1321 2100 Ιεὐπόρου
1333 2022 1448 2078 κτίστου.

1012 2111 1040 2166 Μ
1050 2107 1198 2177 όνταλος,
1213 2107 1287 2172 πολις
1298 2106 1431 2185 Φρυγίας,
1441 2109 1476 2171 ὡς
1486 2109 1500 2163 θ
1511 2102 1665 2186 Πολυΐστωρ
1677 2106 1746 2166 lili·
1831 2173 1834 2178 Ι

975 2193 1094 2272 ξανδρος,
1109 2193 1162 2252 ἀπὸ
1176 2193 1316 2254 Μαντύλου
1330 2193 1437 2269 κτίστου
1446 2195 1535 2264 αὐτῆς.

1340 2331 1387 2390 52.

1013 2475 1155 2528 Plutarch.
1167 2476 1210 2530 De
1220 2491 1291 2530 mus.
1308 2491 1333 2531 e.
1350 2471 1366 2527 5
1381 2491 1411 2544 p.
1428 2471 1518 2541 1132,
1532 2473 1553 2526 F
1566 2490 1572 2524 :
1586 2468 1749 2548 Ἀλέξανδρος

975 2557 1000 2614 δ’
1017 2560 1043 2614 ἐν
1065 2562 1098 2637 τῇ
1123 2560 1267 2634 Συναγωγῇ
1291 2559 1342 2614 τῶν
1364 2556 1430 2630 Περί
1452 2557 1585 2634 Φρυγίας,
1611 2555 1746 2634 κρούματα

975 2641 1115 2718 Ὄλυμπον
1127 2641 1175 2724 ἐρη
1190 2647 1292 2721 πρῶτον
1306 2645 1341 2708 είς
1350 2642 1408 2707 τούς
1422 2641 1556 2714 Ἕλληνας
1573 2642 1697 2718 κομίσαι,
1713 2641 1750 2700 ἐτι

975 2727 1001 2786 δέ
1021 2727 1141 2793 καὶτοὺς
1161 2728 1272 2796 Ἰδαίους
1291 2728 1447 2794 Δακτύλους.
1464 2721 1576 2805 Ὕαγνιν
1597 2725 1623 2786 δὲ
1644 2732 1747 2806 πρῶτον

976 2817 1103 2888 αὐλῆσαι,
1112 2807 1168 2874 εἶτα
1175 2815 1218 2874 τδν
1227 2814 1318 2874 τούτου
1327 2815 1381 2872 νΓον
1390 2816 1528 2891 Μαρσύαν,
1536 2806 1582 2872 εἶτ’
1593 2812 1750 2891 Ὄλυμπον,

975 2900 1132 2972 ἐζηλωκέναι
1146 2900 1173 2959 δέ
1191 2900 1235 2960 τδν
1254 2899 1422 2980 Τέρπανδρον
1441 2901 1561 2978 Ὁμήρου
1576 2901 1623 2976 μὲν
1637 2901 1671 2958 τδι
1683 2901 1749 2972 ἔπη,

976 2987 1093 3069 Ὀρφέως
1106 2989 1133 3046 δέ
1147 2987 1181 3046 τδι
1196 2986 1274 3065 μέλη.

982 3271 1082 3318 exortus
1107 3271 1143 3318 est
1169 3280 1256 3318 aureus
1265 3268 1337 3317 latex.
1362 3269 1452 3316 Verum
1471 3279 1547 3328 quum
1575 3273 1649 3315 aurea
1672 3265 1747 3314 liuere

975 3358 1052 3406 aqua,
1061 3347 1086 3394 et
1093 3345 1132 3396 siti
1143 3349 1302 3407 premeretur,
1315 3343 1409 3392 afflictis
1417 3343 1546 3404 militibus,
1556 3343 1676 3392 namnum
1686 3343 1752 3392 iuro·

977 3422 1055 3482 eavit,
1067 3422 1122 3483 qui,
1132 3420 1249 3470 exauditis
1263 3419 1315 3480 eius
1324 3419 1447 3482 precibus,
1457 3431 1526 3482 aquae
1535 3419 1627 3480 copiam
1636 3419 1753 3481 pmttuera

976 3498 1063 3548 eiieoii.
1074 3499 1190 3549 saturatis
1198 3501 1279 3548 autem
1290 3497 1435 3560 Phrygibus,
1449 3498 1526 3548 blidas
1540 3497 1654 3559 fluvium,
1664 3499 1706 3560 qut
1722 3511 1752 3547 ex

977 3575 1023 3624 hoe
1032 3575 1097 3624 tonte
1108 3575 1255 3636 proitueboi,
1265 3574 1337 3624 Mida
1349 3575 1438 3623 iontem
1448 3573 1552 3623 vocarit.
1567 3577 1650 3623 Postea
1658 3575 1753 3624 mutato

976 3651 1073 3700 nomine
1085 3654 1191 3713 Marsyas
1207 3651 1339 3712 appellatus
1349 3652 1394 3700 est.
1408 3651 1504 3700 Seilioet
1519 3650 1585 3699 vieto
1596 3653 1621 3700 et
1631 3650 1753 3699 exoorinto

978 3731 1085 3790 Marsya,
1100 3741 1115 3776 e
1127 3726 1260 3788 protiuonte
1274 3727 1389 3788 sanguim
1398 3728 1446 3776 orti
1457 3727 1514 3776 suni
1523 3726 1615 3788 satyri,
1627 3729 1652 3776 et
1666 3725 1754 3776 ouum

978 3804 1123 3868 cognominis
1140 3807 1260 3864 Marsyas,
1272 3805 1301 3853 ut
1316 3805 1397 3852 narrat
1411 3803 1544 3854 Alexander
1555 3803 1680 3853 cornelius
1693 3803 1755 3854 libro

977 3883 1049 3932 tertio
1059 3885 1095 3932 De
1104 3880 1175 3930 rebtrs
1183 3880 1301 3942 Phrygia..

1300 3987 1335 4038 49
1346 4014 1377 4022 -
1388 3987 1419 4038 51

1008 4095 1161 4150 Αωθαιααι,
1172 4094 1310 4155 metropolis
1325 4093 1460 4154 Phrygum,
1474 4077 1575 4142 altoire
1585 4092 1685 4141 deorum
1695 4105 1754 4141 oon·

977 4172 1026 4221 dita
1041 4173 1068 4220 ut
1081 4172 1118 4222 Al.
1133 4173 1169 4220 De
1189 4171 1298 4232 Phrygia.
1322 4169 1448 4219 listellam
1464 4169 1511 4218 alia
1529 4169 1636 4230 ejxrsdem
1652 4167 1755 4218 nominis

979 4249 1036 4298 urbs
1049 4247 1163 4309 Phrygia.

1009 4324 1170 4386 Metropolis,
1183 4322 1240 4372 urbs
1252 4322 1375 4384 Phrygia,
1384 4335 1400 4371 a
1408 4325 1479 4372 Mane
1490 4321 1613 4371 oomtitore
1623 4320 1754 4370 admodum
1843 4321 1844 4324 ’

979 4403 1052 4452 divite
1061 4401 1164 4452 moute.
1177 4400 1318 4450 Alexander.

1013 4479 1160 4534 dionisius,
1170 4477 1227 4528 urbs
1237 4479 1352 4540 vilugio,
1362 4490 1377 4526 a
1386 4479 1491 4528 Mantele
1500 4476 1603 4526 eondita.
1612 4474 1754 4524 Alexander.

1361 4585 1404 4635 52.

1011 4685 1143 4735 Alexander
1152 4685 1176 4734 iu
1185 4685 1341 4734 Colleotaneis
1352 4687 1387 4734 De
1398 4683 1498 4745 Phrygia
1511 4682 1614 4744 primum
1626 4679 1756 4742 Olympum

980 4765 1063 4812 asserit
1079 4762 1104 4810 in
1118 4761 1237 4811 Groeeiam
1250 4761 1407 4822 pulsationem
1420 4759 1502 4808 tidium
1512 4757 1633 4817 intulisse,
1648 4769 1691 4806 neo
1708 4770 1757 4806 non

188 4840 324 4899 Marsyas,
343 4835 430 4886 Aurius
438 4839 474 4886 est
485 4837 605 4900 Phrygia,
617 4837 687 4900 juxto
696 4837 819 4887 civitatem
828 4839 937 4888 celenas
980 4840 1057 4888 idaeos
1073 4839 1203 4900 baetylos:
1217 4837 1363 4899 Hyagnidem
1376 4837 1480 4898 primum
1491 4835 1548 4884 tibia
1563 4832 1687 4892 moinissm
1704 4835 1757 4894 [rost

150 4915 249 4972 tinem,
258 4925 334 4974 quem
345 4912 410 4974 prius
419 4912 508 4962 iontem
517 4913 589 4962 Midae
598 4913 708 4962 dicebant
718 4915 780 4964 hano
788 4916 820 4963 ob
829 4927 933 4964 oausam.

150 4990 248 5051 btidar,
264 4991 387 5052 Phrygum
399 5003 455 5050 rex,
464 5004 541 5052 quum
552 4992 577 5040 in
588 4991 716 5040 desertiora
727 4993 828 5054 regionis
837 4994 887 5042 loca
898 5005 936 5042 να·

150 5068 247 5127 uisset,
256 5068 281 5116 et
293 5079 365 5129 aqrrae
375 5068 475 5130 penuria
488 5067 620 5128 laboraret,
632 5069 734 5132 prrisavit
747 5075 849 5132 terram,
862 5085 876 5120 e
890 5083 936 5134 qua

980 4929 1037 4965 eum
1047 4918 1165 4976 Marsyam
1178 4913 1249 4975 buius
1263 4913 1353 4974 filium,
1366 4913 1559 4980 indeolympum
1573 4924 1580 4957 τ
1593 4908 1757 4970 Terpandmm

982 5006 1052 5055 porro
1063 4991 1204 5042 aemulatum
1214 5003 1265 5040 esse
1277 4991 1373 5040 liomeri
1383 4991 1463 5052 epiros
1476 4999 1572 5048 versus,
1582 4984 1672 5048 Orphei
1682 4985 1757 5034 ranti-

983 5073 1053 5121 lenos.
