3890 5722
521 309 857 450 Amans
902 315 1369 520 sicrouma

721 649 1141 681 ψ*-

163 869 328 939 Auonymus
336 865 367 918 in
377 865 435 918 Vit.
454 864 531 918 Arati
541 873 632 936 poetae
644 881 650 915 :
666 857 719 918 Καλ
727 859 835 918 άλλοιδὲ
845 863 909 918 πολ-

126 951 164 1008 λοὶ
176 951 314 1030 γεγόνασιν
326 948 455 1028 'tauron
466 947 555 1025 ἄνδρες
563 946 908 1029 ἔλλόγιμοιίστσρισγρσίφσι,

125 1037 212 1118 ὥσπερ
224 1042 238 1096 ὁ
252 1026 442 1107 Κνίδιος,σθ
455 1033 576 1115 φέρονται
588 1034 800 1111 Αἰγυπτιακὰ
817 1039 908 1094 ἱστο-

127 1125 198 1204 ρικά
209 1124 464 1204 συγγράμματα
478 1123 607 1198 (aliunde
618 1143 677 1178 non
688 1121 841 1198 ποια),καί
852 1123 909 1201 τρί-

125 1237 166 1279 τος
184 1211 383 1284 Σικυώνιος,
402 1202 540 1280 σύέστινή
554 1207 764 1275 πσλύόιύλσς
779 1209 909 1290 ἱστορία

127 1301 202 1378 ὑπὲρ
222 1299 299 1358 τάλ’
314 1296 429 1378 βιθλία
443 1297 551 1376 ἔχουσα.

164 1390 366 1446 commentarii
376 1389 455 1443 Arati
467 1387 503 1442 de
514 1385 620 1441 soederc
634 1386 759 1442 Achaico
771 1386 863 1459 deque
877 1387 910 1442 iis

128 1481 245 1533 maxime
251 1477 338 1532 rebus
344 1494 406 1548 quae
413 1476 472 1548 ipse
479 1484 608 1548 gesserat,
616 1475 909 1547 pertinueruntusque

128 1565 161 1620 ad
174 1567 219 1624 ΟΙ.
241 1563 319 1637 139,
341 1570 358 1628 t.
378 1563 423 1617 vel
440 1568 504 1631 alo,
531 1580 542 1615 1
562 1559 633 1635 (auo
649 1579 674 1614 a.
691 1557 743 1636 (1.),
756 1581 814 1634 quo
834 1581 909 1618 anno

129 1665 229 1725 prator
245 1653 417 1708 Achaeorum
436 1649 473 1704 ad
495 1649 620 1722 Capbyas
633 1648 741 1704 cladem
751 1667 844 1722 passus
857 1662 907 1706 eat.

166 1741 303 1814 Polybius
315 1741 339 1808 1,
355 1738 384 1810 3,
403 1756 415 1792 1
432 1729 533 1813 εἌρξει
543 1731 570 1791 δὲ
581 1737 628 1804 τῆς
639 1734 820 1813 πραγματείας
833 1737 908 1812 ἡμῖν,

129 1829 177 1882 τῶν
192 1823 239 1901 μέν
255 1823 358 1905 χρόνων
370 1819 520 1898 Ὀλυμπιάς
543 1819 669 1900 ἑκατοστή
683 1843 711 1878 τε
726 1820 770 1880 καὶ
781 1845 909 1902 τετταρα-

129 1911 213 1982 κοστή·
223 1915 277 1969 τῶν
289 1907 318 1968 δέ
329 1907 457 1988 πράξεων,
465 1905 537 1986 παρά
550 1905 597 1982 μέν
607 1914 660 1972 τοῖς
667 1904 797 1978 Ἕλλησιν
808 1911 822 1964 θ
833 1931 910 1986 προσ·

128 1998 273 2077 εγορευθεὶς
287 1994 463 2074 Συμμαχικδς
481 1994 608 2070 πόλεμος,
623 1993 651 2051 δν
669 1997 771 2073 πρῶτον
790 1993 909 2074 ἐξήνεγκε

125 2089 179 2160 μετ’
195 2086 311 2164 Ἀχαιῶν
322 2082 387 2160 πρὸς
397 2080 530 2148 Αἰτωλούς
542 2081 687 2156 Φίλιππος,
697 2082 847 2160 Δημητρίου
863 2083 909 2158 μὲν

123 2175 176 2238 ult<
184 2218 193 2244 ‚
209 2169 299 2248 πατλρ
311 2170 339 2228 δέ
355 2169 488 2247 Περσέως·
510 2167 583 2248 παρὰ
593 2168 620 2226 δὲ
633 2177 686 2235 τοῖς
701 2169 748 2239 τὴν
760 2168 848 2228 Ἀσίαν
859 2195 910 2231 κα-

121 2265 262 2330 τοικοῦσιν,
272 2257 356 2336 θπερὶ
368 2255 465 2327 Κσῶης
474 2255 583 2335 Συρίας,
597 2255 625 2314 δν
636 2255 763 2334 Ἀντίοχος
777 2257 822 2315 καὶ
837 2261 909 2318 Πτο-

121 2348 256 2422 λεμαῖοςθ
271 2345 437 2422 Φιλοπάτωρ
447 2343 613 2420 ἐπολέμησαν
625 2341 688 2421 πρὸς
700 2343 870 2414 άλλήλους·ἰν
882 2345 909 2404 δέ

122 2439 175 2502 τοῖς
187 2435 258 2492 κατά
267 2431 317 2504 τὴν
325 2431 441 2492 Ἰταλίαν
453 2431 497 2490 καί
508 2429 556 2503 τήν
566 2430 667 2502 Λιύύην
680 2431 780 2508 τύποις,
792 2433 910 2500 θσυστδις

121 2521 267 2600 Ῥωμαίοις
281 2520 326 2578 καί
337 2519 539 2599 Καρχηδονίοις,
555 2518 582 2578 δν
604 2523 758 2578 οἱπλεῖστοι
775 2543 907 2600 προσαγο-

122 2611 242 2688 ρεύουσιν
251 2607 422 2667 Ἀννιόιακόν.
437 2609 528 2667 Ταῦτα
536 2606 559 2664 δ’
575 2607 630 2666 ieri
640 2612 735 2684 συνεχῆ
750 2609 802 2673 τοῖς
822 2611 910 2668 τελευ-

121 2699 204 2764 ταίοις
225 2701 275 2768 τῆς
287 2696 396 2775 Ἀράτου
407 2699 454 2754 τού
469 2694 612 2754 Σικυωνίου
625 2694 779 2762 συντάξεως.

162 2787 244 2842 idem
262 2788 310 2855 11,
327 2803 381 2855 a,1
405 2804 412 2840 τ
430 2781 579 2852 Καλλίστην
594 2779 737 2840 θπόστασιν
752 2783 909 2860 ύπσλαμόά-

123 2895 210 2936 νοντας
225 2861 293 2928 εἶναι
317 2868 415 2942 ταύτην
441 2865 484 2926 διά
505 2867 549 2939 τδ,
562 2870 664 2947 πρῶτον
680 2867 727 2944 μίν
741 2869 788 2940 τὴν
803 2870 909 2949 Ἀρσίτου

124 2958 245 3026 σύνταξιν
265 2957 310 3016 ἐπί
332 2957 437 3023 τούτους
451 2955 638 3036 καταστρέφειν
656 2955 715 3024 τούς
728 2956 832 3038 καιρούς
847 2961 907 3035 (Ol.

129 3051 194 3123 139,
207 3046 261 3125 4),
275 3037 313 3110 οἷς
327 3045 498 3110 συνάπτοντες
509 3042 556 3115 τλν
572 3043 701 3122 διήγησιν,
715 3043 758 3102 τὸν
772 3046 909 3106 σίκολσυθσν

125 3135 191 3214 ὑπὲρ
205 3137 257 3192 τῶν
270 3131 406 3204 Ἑλλήνων
416 3130 569 3190 ἀποδιδόναι
580 3130 751 3208 προῃρήμεθα
763 3130 848 3208 λύγον.

166 3225 205 3280 tte
230 3222 331 3276 indole
351 3223 618 3278 commentariorum
630 3221 805 3289 Plutarchus,
827 3224 907 3280 Arat.

126 3333 151 3368 τ.
172 3311 188 3366 3
203 3331 210 3364 ε
224 3303 406 3386 Ἐνδεέστερσν
419 3305 511 3377 ἴσωςῆ
532 3307 658 3384 πολιτικῷ
673 3309 806 3384 προσῆκον
817 3297 849 3378 ἦν
861 3309 910 3364 άν-

126 3397 167 3474 Epi
182 3395 243 3474 περὶ
254 3395 302 3454 τδν
312 3395 387 3472 λόγον
401 3393 546 3452 ἐσπούδασε
562 3389 715 3472 (Ἄρατος)·
730 3392 815 3452 καίτοι
836 3416 910 3472 γεγο·

125 3483 196 3540 νέναι
207 3480 371 3561 κομψότερον
383 3480 490 3552 εἰπεῖνῆ
502 3483 573 3539 δοκεῖ
586 3503 654 3538 τισιν
667 3482 755 3538 ἐκτῶν
770 3479 910 3558 Ὑπομνη-

125 3571 218 3646 μάτων
247 3568 389 3649 κρίνουσιν,
409 3567 426 3626 ά
442 3567 578 3647 παρέργως
589 3567 634 3626 καί
648 3565 698 3624 ύπθ
712 3576 789 3645 χεῖρα
802 3566 844 3625 διά
858 3573 909 3626 τῶν

125 3656 304 3736 ἐπιτυχόντων
313 3655 447 3731 ὀνομάτων
462 3654 676 3734 ἁμιλλησάμενος
692 3654 827 3717 κατέλιπε.

165 3747 269 3820 Polyb.
285 3747 329 3814 ll,
344 3751 398 3817 ήο,
415 3753 430 3812 4
452 3765 458 3800 :
476 3745 536 3802 Τῶν
551 3741 639 3818 μέντοι
651 3765 680 3820 γε
695 3741 793 3824 Ἀράτιρ
813 3745 910 3824 διῳκη-

128 3833 225 3908 μένων,
238 3831 284 3890 καὶ
297 3835 351 3904 νῦν,
363 3829 408 3889 καλ
423 3829 490 3908 μετά
505 3835 588 3890 ταῦτα
607 3829 696 3903 πάλιν,
710 3831 910 3912 έπικεφαλαισύ·

953 861 1046 944 καὶτῷ
1062 861 1171 942 πολέμῳ
1185 865 1335 941 πρακτικῶς
1343 863 1388 922 καί
1399 865 1570 946 παραύόλως·
1585 871 1736 950 προορώμε·

954 973 994 1017 νος
1004 948 1113 1030 ’λρατσς
1127 951 1157 1009 τὸ
1165 951 1270 1028 μέλλον,
1284 952 1328 1009 καί
1342 951 1429 1020 δεδιὼς
1441 954 1489 1026 τήν
1503 979 1531 1013 τε
1543 961 1594 1016 τῶν
1608 961 1735 1019 Αἰτωλῶν

954 1037 1067 1094 ἐπίνοιαν
1084 1037 1129 1094 καὶ
1144 1037 1255 1114 τόλμαν,
1266 1037 1349 1118 ἔκρινε
1374 1041 1426 1119 πρὸ
1442 1043 1540 1100 πολλοῦ
1564 1046 1735 1122 λυμαίνεσθαι

953 1123 1000 1194 τὴν
1012 1123 1136 1196 έπιύσλὴν
1149 1127 1242 1184 αὐτῶν.
1271 1129 1414 1186 Κατανοῶν
1426 1129 1453 1186 δέ
1465 1129 1509 1188 τὸν
1523 1131 1666 1208 Ἀντίγονον
1691 1137 1735 1194 καὶ

953 1210 1046 1290 πρᾶξιν
1058 1211 1151 1290 ἔχοντα
1163 1211 1208 1270 καί
1217 1211 1330 1284 σύνεσιν,
1338 1214 1383 1272 καὶ
1391 1215 1502 1282 πίστεως
1514 1219 1734 1298 ἀντιποιούμενον·

953 1297 1012 1365 τούς
1026 1297 1052 1356 δὲ
1068 1295 1183 1377 βασιλεῖς
1195 1304 1283 1379 σαφῶς
1298 1299 1388 1378 εἰδὼς,
1403 1302 1478 1382 φύσει
1488 1303 1535 1378 μὲν
1556 1304 1646 1364 ούδένα
1660 1310 1736 1384 νομί-

953 1388 1042 1454 ζοντας
1054 1385 1112 1444 σύτε
1130 1386 1219 1466 ἐχθρὸν
1230 1387 1289 1446 σύτε
1304 1388 1389 1466 φίλον,
1399 1391 1455 1456 ταῖς
1466 1391 1492 1448 δὲ
1504 1397 1549 1450 τοῦ
1562 1394 1736 1475 συμφέροντος

953 1472 1047 1552 ψήφοις
1063 1472 1103 1531 del
1114 1479 1270 1552 μετροῦντας
1279 1475 1325 1541 τὰς
1339 1473 1434 1556 ἔχθρας
1447 1478 1491 1534 καί
1503 1477 1548 1544 τάς
1560 1479 1661 1558 φιλίας·
1676 1485 1737 1540 ἐπε-

953 1560 1049 1618 ύάλετσ
1071 1563 1159 1619 λαλεῖν
1180 1560 1244 1640 πρὸς
1258 1563 1302 1620 τὸν
1326 1562 1461 1641 εἰρημένον
1476 1566 1602 1642 βασιλέα,
1613 1568 1659 1626 καί
1670 1593 1735 1647 συμ-

953 1647 1056 1706 πλέκειν
1072 1647 1118 1715 τάς
1131 1657 1234 1728 χεῖρας,
1250 1650 1423 1708 ὑποδεικνύων
1439 1655 1509 1732 αύτῷ
1525 1652 1554 1710 τθ
1566 1656 1737 1734 συμόησύμε-

953 1758 995 1793 νον
1005 1738 1033 1794 έκ
1049 1739 1098 1794 τῶν
1108 1735 1281 1817 πραγμάτων.
1298 1737 1441 1814 [Ιροδήλως
1453 1737 1500 1816 μέν
1511 1729 1554 1798 σύν
1573 1742 1636 1800 αὐτὸ
1652 1745 1736 1822 πράτ-

953 1847 1005 1881 τειν
1020 1823 1169 1904 ἀσύμφορον
1185 1825 1276 1902 ἡγεῖτο
1291 1823 1333 1882 διὰ
1347 1824 1450 1892 πλείους
1466 1827 1560 1895 αἰτίας.
1573 1828 1626 1888 Τόν
1645 1854 1672 1888 τε
1685 1831 1736 1912 γὰρ

956 1911 1108 1987 Κλεομένην
1124 1912 1169 1968 καί
1192 1911 1251 1978 τούς
1274 1913 1406 1980 Αἰτωλοὺς
1430 1915 1625 1992 ἀνταγωνιστάς
1648 1942 1734 1998 παρα·

954 1999 1087 2067 σκευάζειν
1102 1998 1197 2075 ἔμελλε
1215 2000 1280 2078 πρὸς
1295 1998 1343 2070 τὴν
1353 2000 1493 2071 ε’πιύολήν·
1509 2002 1566 2068 τούς
1584 2026 1612 2060 τι
1626 2003 1736 2070 πολλοὺς

953 2091 1005 2146 τῶν
1021 2087 1134 2166 ’λχαιῶν
1149 2086 1304 2167 διατρέψειν,
1313 2087 1483 2168 καταφεύγων
1493 2087 1604 2156 ἰπλτσύς
1616 2092 1733 2171 ἐχθροὺς,

954 2173 999 2232 καί
1017 2175 1098 2232 δοκῶν
1111 2177 1256 2254 ὁλοσχερῶς
1270 2174 1447 2254 ἀπεγνωκέναι
1456 2175 1502 2242 τάς
1519 2179 1546 2234 ἰν
1557 2178 1644 2244 αὐτοῖς
1654 2180 1735 2236 ἐλπί-

955 2262 1012 2328 δας·
1023 2259 1086 2340 δπερ
1099 2259 1194 2331 ἥκιστα
1205 2259 1341 2341 φαίνεσθαι
1355 2261 1478 2341 πράττων
1489 2262 1622 2321 ἰόσύλετσ.
1637 2263 1734 2346 Διόπερ

955 2347 1022 2427 ἔχων
1035 2348 1158 2419 τοιαύτην
1170 2348 1300 2426 πρόθεσιν,
1320 2349 1422 2422 ἀδήλως
1433 2349 1500 2409 αύτίι
1516 2352 1637 2412 διενοεῖτο
1651 2357 1735 2444 χειρί·

955 2438 1015 2502 ζειν.
1029 2435 1076 2504 Ἐξ
1087 2426 1115 2494 ού
1126 2435 1213 2495 πολλά
1230 2436 1302 2514 παρά
1312 2435 1358 2507 τήν
1380 2441 1472 2497 ἑαυτοῦ
1494 2438 1600 2516 γνώμην
1619 2442 1736 2519 ἠναγκά-

954 2525 1011 2589 ζετο
1033 2522 1077 2580 καὶ
1101 2521 1184 2599 λέγειν
1201 2520 1246 2579 καί
1268 2523 1349 2580 ποιεῖν
1375 2523 1438 2604 πρὸς
1462 2519 1520 2592 τόύς
1536 2525 1622 2596 ίκτθς,
1644 2527 1676 2584 δι’
1698 2519 1734 2588 ῶν

955 2609 1048 2683 ἔμελλε
1060 2607 1108 2679 τὴν
1117 2608 1235 2668 ἐναντίαν
1249 2607 1361 2690 ἔμφασιν
1376 2611 1558 2684 ὑποδεικνύων,
1568 2613 1665 2684 ταύτην
1678 2617 1735 2673 ἰπι·

954 2693 1097 2775 κρύψεσθαι
1106 2696 1153 2764 τὴν
1165 2695 1322 2771 οἰκονομίαν.
1334 2686 1387 2754 Ὧν
1402 2696 1482 2776 χάριν
1501 2696 1556 2756 ἔνια
1569 2697 1666 2756 τούτων
1681 2701 1734 2759 οὐδ’

954 2785 978 2840 ἐν
989 2786 1040 2849 τοῖς
1050 2782 1239 2859 Ὑπομνήμασι
1251 2782 1400 2851 κατέταξεν.

995 2875 1060 2928 llaec
1072 2892 1159 2944 quum
1178 2874 1236 2945 ipse
1248 2873 1382 2945 Polybius
1395 2873 1476 2928 fateri
1489 2894 1518 2928 se
1541 2888 1669 2930 coactum
1690 2879 1733 2930 vi-

954 2959 1035 3027 deat,
1054 2959 1134 3013 facile
1156 2970 1273 3031 apparet
1285 2977 1350 3012 cum
1364 2976 1453 3032 grano
1467 2962 1529 3014 salis
1551 2963 1732 3036 intelligenda

954 3063 1026 3113 esse,
1050 3064 1111 3117 quae
1131 3045 1166 3100 de
1189 3041 1248 3100 λίαν
1277 3043 1405 3113 ἀληθινοῖς
1429 3047 1507 3101 Arati
1528 3051 1735 3103 commentariis

954 3133 1030 3188 idem
1051 3133 1185 3205 Polybius
1206 3135 1235 3186 in
1258 3133 1487 3190 antecedentibus
1508 3133 1590 3192 dixit.
1618 3139 1658 3190 Ac
1687 3137 1733 3189 vix

954 3220 1073 3274 dubium
1096 3238 1153 3275 eme
1166 3229 1273 3294 potest,
1291 3221 1361 3292 quin
1380 3220 1528 3274 historicus
1549 3221 1651 3275 Aratus
1665 3239 1734 3276 eun-

954 3305 1018 3360 dem
1029 3325 1058 3362 se
1081 3307 1233 3362 ostenderit
1253 3308 1360 3376 virum,
1385 3327 1467 3380 quem
1488 3325 1522 3362 ex
1535 3309 1591 3362 vita
1606 3307 1666 3378 ejus
1687 3325 1732 3362 re·

953 3393 1062 3466 busque
1074 3395 1155 3468 gestis
1162 3395 1227 3450 satis
1238 3394 1310 3450 bene
1322 3396 1461 3452 novimus.
1485 3395 1730 3466 Quemadmodum

953 3499 1023 3536 vero
1045 3493 1153 3554 praetor
1174 3481 1342 3537 Achaeorum
1357 3483 1387 3536 in
1397 3482 1516 3556 Polybio
1531 3481 1621 3537 laudis
1640 3484 1734 3554 potius

953 3587 1113 3640 praeconem
1135 3588 1219 3642 quam
1234 3568 1358 3640 judicem
1373 3569 1409 3624 ab
1422 3569 1603 3624 omnistudio
1613 3587 1733 3624 vacuurn

954 3658 1109 3726 nactus'sit,'
1123 3658 1161 3712 sic
1185 3658 1269 3712 etiam
1282 3656 1408 3711 historici
1433 3658 1547 3712 virtutes
1569 3675 1586 3712 a
1613 3657 1734 3729 Polybio

954 3743 1055 3798 eodem
1079 3743 1168 3798 modo
1187 3754 1358 3817 exaggeratur
1381 3743 1524 3812 videntur,
1550 3759 1608 3816 quo
1628 3744 1735 3815 injustis

954 3831 1282 3886 conviciisadversarium
1293 3831 1350 3902 ejus
1366 3832 1733 3904 persequiturPlrylarchum

126 3945 199 3992 μενοι
214 3917 436 3994 μνησθησόμεθα,
459 3915 501 3975 δεδι
521 3915 611 3976 τδκαὶ
626 3916 686 3974 λίαν
712 3915 846 3989 ἀληθινούς
865 3917 909 3978 καί
954 3917 1017 3991 (Cf.
1030 3919 1084 3975 Vit.
1097 3918 1243 3990 Phylarch.
1255 3937 1286 3990 p.
1302 3915 1437 3992 LXXX).
1450 3919 1579 3973 Ceterum
1591 3918 1673 3973 adeas
1684 3922 1734 3992 qui

126 4015 218 4088 σαφεῖς
231 4008 329 4064 ἐκεῖνον
340 4003 401 4084 περί
419 4007 469 4062 τῶν
491 4003 561 4062 ἰδίων
585 4003 770 4082 συντεταχέναι
790 4003 909 4085 πράξεων
954 4024 988 4060 ex
1006 4005 1130 4080 professo
1142 4005 1217 4060 hunc
1228 4006 1322 4059 locum
1337 4016 1508 4074 tractarunt,
1525 4007 1620 4062 Lucas.
1643 4005 1735 4062 Ueber

125 4091 392 4170 ὑπομνηματισμούς.
954 4091 1052 4162 Polyb.
1062 4093 1435 4165 Darstcllungdercetolisclr.
1446 4095 1659 4164 Bundcslairgs.
1669 4096 1733 4147 Koe-

164 4185 248 4242 ldem
260 4185 301 4250 ll,
316 4189 352 4251 47
370 4201 377 4236 ε
391 4180 426 4238 Ol
440 4180 464 4236 δ’
479 4177 578 4258 Ἀχαιοί
589 4177 619 4238 τὸ
631 4177 678 4255 μέν
691 4182 794 4258 πρῶτον
808 4178 850 4237 aa
863 4183 910 4251 τῆς
953 4180 1082 4253 uigebat-g
1096 4177 1185 4252 1827,
1197 4199 1229 4252 p.
1243 4176 1278 4232 55
1293 4198 1353 4252 sqq.
1366 4185 1400 4248 φή
1412 4199 1421 4248 ;
1435 4182 1574 4254 Hclwing.
1591 4177 1688 4234 Gerclae.
1700 4181 1730 4234 cl.

130 4271 194 4335 ἰδίας
207 4268 347 4343 δυνάμεως
361 4265 490 4344 ὥρμησαν
514 4267 703 4346 ἀντοφθαλμεῖν
714 4275 767 4332 τοῖς
780 4268 909 4325 Λακεδαι·
954 4267 1017 4322 ach.
1029 4269 1148 4322 Butades.
1157 4269 1260 4338 Icrrrgo
1272 4265 1360 4340 18293
1374 4268 1540 4326 llerlcclrcr.
1549 4265 1733 4325 Achaicorum

131 4357 241 4432 μσνίσις·
257 4353 315 4432 άμει
330 4353 378 4429 μὲν
389 4351 633 4428 ὖπσλαμόάνσντες,
647 4353 787 4411 κάλλιστον
802 4345 866 4412 εἶναι
880 4353 910 4412 τὸ
955 4356 1018 4408 libri
1036 4366 1097 4412 tres.
1117 4356 1259 4410 Durmsdc.
1280 4353 1371 4427 1827,
1394 4373 1421 4426 ρ.
1438 4353 1512 4422 ήγός
1535 4353 1736 4410 Brandtetaeter

130 4443 166 4519 μὴ
182 4444 215 4500 δι’
226 4442 319 4522 ἑτέρων
334 4440 407 4521 σφίσι
419 4440 568 4520 πορίζεσθαι
582 4438 629 4510 τὴν
640 4439 783 4521 σωτηρίαν,
795 4443 852 4499 ἀλλ’
862 4443 908 4499 αθ·
956 4442 1055 4499 Gesch.
1077 4443 1106 4496 (ί.
1129 4443 1205 4498 oetol.
1230 4443 1349 4507 Butades,
1367 4452 1421 4496 etc.
1444 4441 1549 4507 Berlin,
1580 4439 1667 4510 1844,
1683 4445 1730 4516 qai

129 4529 186 4597 τὼς
200 4529 234 4588 δι’
252 4531 338 4587 αὐτῶν
353 4527 444 4599 σώζειν
457 4525 504 4593 τὰς
517 4525 605 4592 πόλεις
616 4525 661 4584 καί
672 4525 719 4597 τήν
737 4526 825 4604 χώραν
835 4551 841 4564 ·
853 4527 908 4603 άμα
954 4547 983 4602 p.
1000 4530 1056 4584 206
1070 4529 1166 4583 laudat
1177 4529 1287 4584 Luchtii
1306 4531 1479 4599 Programrn.
1493 4527 1581 4584 schol.
1595 4531 1638 4583 De
1651 4533 1734 4585 Arati

130 4619 155 4676 δὲ
172 4617 324 4698 βουλόμενοι
340 4615 386 4674 καί
398 4613 445 4686 τλν
454 4613 516 4694 πρὸς
530 4616 695 4690 Πτολεμαῖον
709 4617 796 4692 τηρεῖν
812 4615 909 4693 φιλίαν,
954 4617 1062 4686 Sicyon.
1077 4619 1291 4672 Commentariis
1303 4613 1390 4690 (Kiel.
1408 4611 1519 4690 1838),
1537 4633 1595 4688 quo
1610 4618 1650 4670 uti
1663 4617 1735 4675 milri·

131 4705 172 4762 διά
185 4705 230 4771 τάς
242 4702 468 4783 προγεγενημένας
486 4703 650 4781 εὐεργεσίας,
664 4701 710 4760 καί
724 4701 761 4778 μή
774 4703 911 4782 φαίνεσθαι
954 4724 1013 4759 non
1027 4705 1113 4758 licuit

131 4793 195 4870 πρὸς
204 4795 305 4872 ἑτέρους
315 4789 470 4856 ἐκτείνοντες
480 4787 524 4854 τάς
536 4795 636 4868 χεῖρας.
649 4784 721 4858 Ἤδη
739 4789 761 4845 δ’
776 4787 818 4846 ἐπί
830 4788 910 4848 ποσὸν
994 4775 1139 4864 aalma.
1151 4790 1224 4845 Bibl.
1237 4788 1302 4846 cod.
1316 4787 1641 4862 160,p.10t„30aetk.
1654 4795 1730 4848 Αιιιιί

132 4883 175 4934 τῶ
187 4873 567 4956 πολέμσυπρούαίνοντσς,καί
583 4879 627 4932 τοῦ
646 4873 693 4952 μὲν
710 4875 870 4952 Κλεομένους
882 4875 911 4933 τό
955 4879 1077 4952 Sicyonii
1092 4879 1220 4932 Historiae
1235 4878 1308 4932 inter
1322 4877 1412 4931 sontes
1432 4887 1633 4947 memorantur,
1659 4899 1731 4952 quos

132 4987 159 5020 τε
175 4969 280 5044 πάτριον
292 4964 442 5040 πολίτευμα
462 4961 671 5036 καταλύσαντος,
684 4959 785 5032 καίτλν
805 4961 910 5038 ἔννομον
955 4967 1075 5038 Sopater
1089 4963 1126 5017 ad
1141 4963 1391 5018 consarcinandurn
1407 4961 1541 5040 Ἰζκλσγῶν
1556 4965 1659 5018 libram
1674 4985 1729 5019 nn-

135 5052 265 5126 βασελείεν
277 5053 313 5118 εἷς
331 5049 470 5131 τυραννίδα
488 5049 713 5128 μεταστήσαντος,
727 5049 862 5130 χρωμένου
883 5049 908 5108 δὲ
956 5053 1095 5107 decimum
1106 5050 1273 5108 adhibuerit.
