3944 5728
842 351 1091 434 naseuntur.

171 475 244 534 λιιιοῦ
259 475 348 540 reite<
358 474 412 532 ixei
423 473 541 556 ῥίψαντος
556 476 656 538 ἔαυτόν.
697 478 777 546 Tot<
792 479 880 555 μέντοι
892 481 944 540 αἰπό

171 586 237 630 τινος
251 561 391 622 Νειλασίου
403 564 558 635 κεκλῆσθαι,
571 562 651 632 οὕτως
663 565 739 623 αὖτὸν
753 565 884 642 εἰπόντας,
898 570 945 627 οθκ

172 639 200 706 ιθ
213 649 336 724 λέγοντας
346 648 487 726 ἀπελέγχει
499 651 513 706 ὁ
523 649 661 728 Ἀρριανός.

210 737 337 792 Fortasse
360 736 386 792 ίν
409 738 462 800 τοῖς
485 734 560 793 Merit
583 734 746 816 Ἀλέξανδρον
760 741 902 796 Ptolemaei
917 753 945 798 et

171 822 310 881 Perdiccae
323 825 437 878 historia
453 842 547 878 ansam
565 823 642 880 dedit
657 837 688 881 ut
701 828 731 880 in
742 828 801 882 haec
811 846 943 885 excurre-

171 921 215 966 ret
233 921 342 966 auctor.
374 913 540 982 Quanquam
563 931 624 984 quae
638 912 674 967 de
688 915 887 987 AEgyptiorum
907 915 943 971 ad

171 999 293 1056 Pontum
302 997 420 1053 coloniis
432 996 570 1066 feruntur,
580 1000 662 1054 ctiam
675 1000 704 1054 in
717 1001 885 1074 Bithyniae&
895 1020 944 1057 oc-

172 1085 310 1140 cesionem
321 1081 358 1139 de
370 1083 413 1138 his
424 1083 575 1139 disserendi
590 1085 863 1160 praeberepoterant.

535 1241 580 1292 77·

209 1354 331 1414 Euststh.
346 1351 378 1408 in
393 1355 426 1408 ll.
439 1371 466 1425 p.
482 1371 546 1418 101,
563 1351 599 1408 38
616 1373 623 1407 ι
645 1353 768 1410 Τοιοῦτον
788 1354 852 1410 δέτι
868 1353 942 1412 καίθ

170 1437 307 1516 κρατερός,
325 1439 360 1501 ὥς
374 1437 449 1508 δηλοῖ
460 1438 523 1514 παρ’
537 1434 661 1515 Ἄρριονῷ
675 1435 705 1494 τὸ
716 1463 729 1488 ι
744 1437 871 1508 θηόαίοιν
885 1439 943 1514 trt-

170 1545 226 1580 νετο
239 1521 361 1601 κρατερός
376 1547 401 1592 ν,
415 1520 495 1598 ἤγουν
509 1520 670 1600 περιεγίνετο
680 1523 731 1579 τῶν
745 1521 871 1592 Θηθαίων
883 1524 941 1596 καί,

170 1607 324 1688 αὐτόχρημα
340 1609 436 1680 εἰπεῖν,
451 1607 606 1687 ίκροίτησεν.

450 1729 457 1742 ’
531 1745 578 1818 78.

207 1877 284 1934 ldsm
297 1876 384 1934 1005:
397 1873 465 1941 Τοὺς
478 1873 504 1933 δέ
517 1875 632 1954 Πέρσας,
644 1865 681 1932 ὧν
693 1874 847 1953 ματρόπολις
858 1879 875 1946 ἡ
887 1879 939 1934 Ba·

169 1961 270 2034 θυλὼν,
290 1961 414 2042 Κηρῆναί
431 1983 494 2019 ποτε
513 1961 648 2020 καλεῖσθαί
668 1983 744 2040 φησιν
767 1965 781 2019 θ
803 1961 940 2040 Ἀρριανός.

170 2053 235 2108 ilaec
247 2051 283 2108 ad
292 2051 419 2108 Parthica
430 2052 567 2106 retuleris.

528 2209 574 2264 79·

207 2321 305 2378 Suidas
318 2340 344 2376 v.
370 2317 544 2398 βουλυτόςι
564 2317 701 2398 Ἀρριανός·
713 2345 726 2372 ι
741 2319 844 2380 Γίνεται
865 2319 938 2400 μόχη

167 2404 280 2485 κρατερὰ
292 2405 349 2464 ἔστι
358 2404 401 2463 ἰαί
410 2405 532 2482 βουλυτὸν
546 2406 708 2484 ἀγχώμαλος.
721 2433 732 2459 ν
743 2411 872 2465 Occurrit
883 2429 940 2464 vox

168 2493 289 2570 βουλυτός
300 2496 329 2548 in
343 2497 414 2568 Exp.
429 2497 473 2550 ΑΙ.
491 2497 529 2568 11,
545 2495 573 2564 3,
584 2497 613 2550 in
624 2496 689 2550 Ind.
706 2515 732 2551 c.
746 2503 793 2563 41.
807 2499 939 2552 Nostrruu

166 2583 260 2637 iocum
274 2600 290 2637 e
303 2581 438 2638 Parthicis
452 2584 567 2656 petitum
580 2601 637 2638 esse
654 2585 785 2656 opinatur
799 2585 937 2640 Bernhar-

166 2669 244 2742 dyus.

162 2821 252 2873 iurene
267 2823 345 2885 regio,
356 2824 398 2884 qui
414 2825 439 2873 iu
452 2824 552 2874 nuvium
562 2837 588 2875 se
608 2825 706 2875 θοθοτιῑ
716 2825 880 2888 precipitem:
890 2830 937 2876 Eos

164 2911 231 2960 vero,
238 2900 389 2962 quiattilssio
398 2900 511 2962 quedem,
522 2901 692 2964 quemdicuut,
703 2903 816 2952 ruentum
826 2914 877 2954 asse
886 2914 937 2964 per·

165 2975 256 3038 iubent,
266 2977 353 3026 erroris
361 2977 467 3039 coarguit
476 2977 598 3028 Arrianus

530 3102 574 3153 ⁷7.

195 3223 309 3273 Arrianus
320 3223 354 3273 ait
367 3241 373 3273 ε
385 3243 399 3268 ι
409 3225 529 3276 Thebanis
538 3227 646 3289 superior
657 3227 709 3278 suit.
722 3247 735 3271 ν

530 3343 574 3394 78.

195 3455 286 3515 Persas,
296 3467 398 3516 quorum
413 3457 551 3518 metropolis
561 3457 665 3521 Babylon
670 3493 679 3520 ,
688 3459 744 3508 otim
759 3459 880 3522 capitanus
892 3473 934 3522 ap-

163 3529 262 3590 pellatos
269 3543 321 3580 esse
330 3532 443 3582 Arrianus
453 3531 521 3582 dicit.

532 3649 576 3700 79.

193 3755 306 3804 arnonus
320 3773 326 3804 ι
338 3773 349 3797 ο
373 3755 409 3806 Ad
428 3770 551 3820 νιερειιιιι
562 3773 638 3823 usque
652 3773 722 3824 equo
734 3765 810 3814 marte
821 3767 936 3817 acerrime

161 3832 291 3892 pugnorum
304 3833 348 3882 est.
359 3853 372 3876 ν

1706 383 1761 436 tot

1353 491 1399 551 so.

1028 605 1072 658 Id.
1084 625 1109 662 v.
1122 603 1296 678 ἐπαινέτης
1309 629 1316 664 :
1333 607 1476 686 Ἀρριανός·
1486 639 1498 665 ο
1510 617 1564 674 Τοῦ
1574 615 1601 674 δέ
1617 615 1660 684 ξὺν
1672 621 1764 702 κόσμῳ

989 678 1120 756 δρωμένου
1131 682 1265 756 ἐπαινέτης
1278 685 1322 744 καί
1341 693 1385 746 τοῦ
1397 689 1546 765 ἀκοσμήτου
1560 695 1586 751 ἐν
1603 698 1640 774 τῷ
1654 720 1764 774 παραυ-

989 767 1049 823 τίκα
1065 769 1231 844 ίπιτιμητὴς,
1248 771 1293 829 καὶ
1311 777 1355 831 τοῦ
1369 773 1506 854 ἐσύστερον
1519 781 1651 860 κολαστήρ
1667 784 1729 862 (sic
1747 808 1763 844 c

988 853 1074 913 codd.
1087 857 1184 916 ΑΒΥΕ
1194 856 1404 935 Bernhardyus3
1419 882 1474 938 vgo
1487 866 1616 936 κολαστής
1625 873 1645 944 ),
1658 874 1763 928 -simi-

988 940 1024 994 lia
1035 941 1121 997 habes
1130 945 1159 998 in
1171 946 1238 1018 Exp.
1253 947 1334 1006 Alex.
1350 950 1398 1018 lv,
1411 967 1448 1022 ²9
1461 970 1467 1006 :
1485 950 1538 1008 Καὶ
1548 952 1625 1020 αὐτὸς
1636 957 1759 1033 ἐφειστή-

988 1046 1028 1082 κει
1041 1025 1134 1097 θεατὴς
1145 1027 1189 1086 καί
1204 1030 1338 1101 ἐπαινέτης
1354 1036 1399 1090 τοῦ
1412 1032 1454 1101 ξὺν
1466 1037 1596 1120 προθυμία
1607 1046 1761 1121 περαινομέ-

988 1131 1045 1184 νου,
1059 1113 1187 1185 κολαοτὴς
1200 1113 1227 1173 δὲ
1239 1121 1283 1175 τοῦ
1295 1119 1321 1174 έν
1331 1121 1369 1196 τῷ
1379 1127 1546 1200 παραχρῆμα
1559 1127 1687 1195 ἐλλιποῧς.

1351 1250 1400 1309 81.

1027 1375 1150 1432 Eustath.
1161 1375 1198 1431 ad
1207 1378 1290 1436 Dion.
1300 1377 1366 1454 939,
1376 1399 1404 1454 p.
1412 1380 1468 1438 886
1477 1383 1522 1440 cd.
1531 1386 1633 1446 Bernh.
1644 1407 1651 1442 :
1664 1386 1688 1446 Ἀ

987 1454 1028 1523 νθς
1042 1456 1125 1516 δὲκαὶ
1138 1459 1528 1540 διρθέραςκαθόπτεσθαι
1542 1469 1621 1544 λέγει.

1348 1594 1396 1654 sa.

1025 1717 1104 1774 Idem
1125 1719 1155 1774 in
1166 1721 1201 1778 Il.
1218 1741 1247 1793 η,
1263 1741 1330 1798 ιρι,
1347 1743 1376 1798 p.
1393 1725 1463 1797 674,
1474 1747 1492 1802 9
1504 1747 1512 1786 :
1526 1727 1582 1798 Τὴν
1599 1728 1627 1788 δέ
1639 1733 1760 1811 ρηθεῗοαν

987 1801 1072 1861 αἰτίαν
1086 1809 1131 1862 τοῦ
1149 1803 1246 1884 κλήρου
1266 1807 1425 1868 ἀναπτύσσει
1448 1833 1497 1869 που
1517 1813 1562 1871 καί
1580 1819 1594 1874 θ
1612 1815 1757 1896 Ἀρριανὸς,

985 1889 1068 1966 λέγων
1079 1888 1139 1968 περί
1149 1911 1216 1958 τινος
1227 1890 1266 1950 ότι
1277 1896 1312 1960 είς
1326 1896 1421 1976 κλῆρον
1433 1897 1492 1964 τοὺς
1504 1899 1573 1958 δεῖνα
1585 1903 1759 1964 καθίστασθαι

986 1974 1115 2047 ἐδυιαίου,
1127 1979 1155 2034 οὗ
1166 1977 1245 2036 θέλων
1255 1982 1290 2045 ὡς
1303 1979 1379 2060 γέρας
1392 1982 1454 2041 αὐτὸ
1467 1986 1504 2063 τῷ
1516 1984 1596 2066 ἑτέρῳ
1610 1989 1756 2066 ἀπονείμα-

986 2067 1063 2137 σθαι,
1078 2063 1135 2121 οὐθί
1147 2065 1278 2140 ἀτιμῶσαι
1292 2066 1334 2124 τὸν
1346 2069 1375 2126 οὐ
1387 2070 1555 2149 προκριθέντα
1569 2075 1605 2140 είς
1618 2075 1715 2154 μόχην.

1025 2151 1105 2207 Idem
1123 2153 1153 2206 in
1169 2153 1202 2210 11.
1217 2150 1252 2228 γ’,
1267 2163 1335 2224 204,
1354 2175 1386 2229 p.
1409 2157 1477 2228 405,
1500 2179 1533 2230 ¹7
1556 2181 1563 2216 ι
1582 2159 1622 2220 Ti
1645 2160 1758 2240 ξεναγεῑν

987 2235 997 2312 ί
1005 2232 1069 2315 ὅπερ
1081 2235 1174 2294 ταύτόν
1194 2239 1249 2296 ἐστι
1267 2243 1305 2319 τῷ
1321 2240 1451 2320 προξενεῖν
1464 2245 1473 2322 )
1485 2249 1573 2325 γενικῇ
1592 2249 1756 2309 ουντέσσειό

987 2320 1012 2381 Ἀ
1049 2321 1128 2388 ιανός.
1190 2377 1196 2388 .

1016 2344 1109 2485 pripud
1122 2413 1218 2486 steph.
1229 2415 1294 2488 Byr.
1305 2435 1334 2470 ν.
1347 2412 1459 2498 Ἄζωρος
1469 2439 1523 2494 pro
1535 2422 1647 2496 vulgata
1661 2421 1756 2502 (quarn

983 2500 1097 2553 retinuit
1117 2499 1361 2579 Westermannus)
1376 2501 1505 2582 Ἀρριανὸς
1525 2508 1586 2582 lege
1601 2505 1703 2575 Ῥιανός
1717 2511 1754 2586 (ε

983 2584 1049 2642 cod.
1065 2586 1186 2661 Rhedig.
1213 2599 1242 2644 et
1261 2590 1320 2644 aliie
1340 2593 1500 2667 nonnullis)
1516 2612 1554 2651 sc.
1571 2594 1597 2650 ἐν
1620 2597 1754 2656 θεσσαλι-

983 2691 1045 2734 κοις.

1694 1411 1763 1467 νιν·

1352 2836 1397 2887 80.

1012 2921 1143 2972 Arrianus:
1161 2941 1173 2966 α
1189 2925 1278 2974 Eorum
1290 2938 1346 2987 quse
1357 2929 1422 2977 reete
1431 2930 1456 2978 et
1464 2929 1575 2978 decenter
1593 2929 1689 2985 fiebant.
1702 2933 1755 2982 tau·

981 2997 1067 3058 θείοις
1087 3011 1143 3060 quoe
1158 3013 1236 3064 εουυε,
1245 3001 1270 3050 in
1281 3015 1385 3064 praesens
1395 3005 1474 3054 verbis
1492 3007 1656 3070 reprehensor,
1669 3007 1755 3060 θοίιιθε

980 3075 1233 3128 uindexexsistebst.»
1343 3145 1387 3195 8¹·

922 3181 925 3188 ’
1010 3221 1752 3294 rrraruseuamausemuummarpeuumnaus,ucri.

977 3393 985 3410 ⁶
1010 3387 1076 3434 Ηειιο
1085 3399 1158 3448 quum
1167 3387 1217 3436 dixi
1230 3389 1360 3440 sortitionis
1373 3405 1471 3442 oausam
1481 3393 1595 3444 Arrianus
1603 3407 1699 3458 quoque
1709 3397 1752 3447 sti-

978 3461 1033 3510 cubt
1042 3463 1146 3525 explieat
1154 3464 1235 3514 dicens
1244 3465 1364 3528 quendum
1375 3469 1399 3517 in
1411 3472 1500 3518 sortem
1511 3471 1589 3520 certos
1602 3473 1696 3535 aliquos
1704 3487 1748 3523 ro·

979 3537 1067 3587 candos
1082 3551 1133 3588 esse
1144 3542 1277 3603 censuisse,
1292 3543 1356 3605 quod
1367 3545 1470 3594 noluerit
1479 3547 1548 3595 atteri
1571 3547 1616 3597 Ιιοο
1635 3551 1752 3612 tunquuu

980 3614 1095 3665 honorem
1110 3618 1239 3679 ειιὶςιιειί,
1258 3620 1360 3671 aiterum
1381 3624 1462 3672 auteur
1482 3623 1571 3674 ostendi
1583 3638 1612 3675 οο
1625 3627 1689 3688 quod
1702 3617 1756 3691 ipse

980 3690 1010 3740 ad
1020 3706 1122 3755 pugnam
1131 3695 1280 3745 subeundam
1287 3711 1334 3746 non
1344 3698 1449 3749 detectus
1457 3701 1496 3749 sit.

1008 3771 1115 3819 verbum
1125 3771 1225 3833 ξεναγεῐν
1239 3775 1318 3834 (quod
1330 3775 1393 3826 idem
1408 3776 1605 3842 oguififfltstquo
1619 3780 1750 3842 προξενιιν)

978 3849 1080 3908 genitivo
1084 3849 1163 3912 jungit
1171 3850 1290 3902 arrianus
