3976 5720
239 331 295 384 tot
694 321 907 384 Tflntstttt
931 323 1114 386 Munussn
1133 324 1385 386 FRAGMENTA.

238 455 458 512 Christianorum
478 455 718 528 chronologorum
741 453 829 510 aliena
848 475 906 510 esse
926 459 1015 525 solet,
1102 458 1185 514 Vides
1210 459 1406 516 Democritum
1431 462 1460 514 in
1485 471 1623 534 computo
1647 479 1698 516 suo
1722 461 1759 518 ela
1785 481 1836 519 ara

237 545 275 596 sic
295 544 401 615 optimc
414 541 488 596 cadit
508 543 535 594 in
551 535 716 614 sciiptorem
736 543 906 616 AEgyptium.
930 545 955 598 ls
967 545 1016 616 qui
1062 543 1180 616 Trojsna
1194 545 1343 620 proficisci.
1364 547 1444 604 ldent
1463 548 1591 604 iecerunt
1605 549 1795 622 Apollodorus
1811 563 1837 608 et

238 631 335 698 suerit,
347 649 381 684 ex
397 630 457 701 ipso
471 628 603 684 discimus
614 629 757 686 Clemente
777 631 795 688 l.
812 631 831 687 l.
845 649 872 703 p.
891 629 958 698 138,
983 651 1016 704 ¹9
1061 633 1235 705 Thrasyllus,
1253 650 1377 706 quorum
1393 635 1441 689 ille
1454 637 1490 689 D.
1510 645 1607 690 natum
1622 636 1693 692 dicit
1705 655 1751 692 an.
1767 639 1835 710 Ado,

237 716 283 770 ed.
301 717 379 788 Sylb.
408 713 482 791 [378
504 715 550 772 ed.
572 711 674 788 pocy,
694 717 744 770 ubi
769 719 876 771 Mosem
895 718 1016 791 AEgypto
1062 719 1169 775 hiran.
1188 725 1260 790 470,
1280 721 1417 792 quoniam
1440 723 1489 776 ille
1501 723 1615 794 Trojam
1629 734 1740 798 captam
1760 729 1837 798 ponit

236 804 335 858 exiisse
349 803 419 858 dicit
441 803 493 856 sub
508 805 600 858 Amasi
616 822 698 878 rege,
720 805 770 876 qui
784 805 881 859 Inachi
905 807 1017 878 aequalis
1062 821 1106 861 atu.
1132 803 1684 882 1183,hicvernan.1193,ut1patet
1704 829 1738 866 ex
1756 813 1790 866 fr.
1811 813 1837 870 3.

237 888 336 957 suerit,
363 889 396 952 όις
422 889 447 944 ἐν
472 887 525 952 τοῖς
544 887 652 964 Χρόνοις
673 887 816 966 ἀνέγραψεν
837 891 1017 960 thiedricus<
1061 891 1189 964 Uterque
1200 892 1236 946 ab
1252 912 1306 948 aera
1316 893 1439 964 Troiana
1451 895 1839 965 numeratannos723.ldem

237 976 450 1050 Πτολεμαῖοςίν.
462 978 563 1049 Apion.
574 977 883 1044 [r.a;ltianethonisir.
894 999 924 1052 p.
939 979 1015 1054 577).
1062 976 1127 1031 fecit
1140 990 1240 1034 auctor
1252 979 1374 1035 Diodori
1389 979 1482 1054 (XIV,
1499 977 1562 1056 ιι),
1574 983 1623 1054 qui
1641 983 1675 1038 D.
1690 993 1786 1038 natum
1800 1003 1839 1038 re·

235 1067 297 1120 lam
325 1083 413 1138 quum
445 1065 604 1136 Thrasyllus
632 1065 791 1120 Mendesius
819 1067 876 1139 ipse
902 1087 1017 1141 quoque
1062 1063 1171 1122 seiten.
1185 1072 1252 1139 t9t.
1266 1063 1648 1141 Nimirumproiicisciturab
1660 1071 1839 1142 eusteniam

237 1153 402 1227 AEgyptiaca
413 1153 551 1224 scripsisse
562 1151 684 1220 dicatur,
698 1151 779 1208 facile
793 1151 853 1207 fleri
864 1157 971 1226 potuit,
984 1167 1017 1210 ut
1062 1171 1106 1226 ap.
1116 1155 1288 1227 antiquiores
1303 1157 1455 1230 scriptores
1466 1157 1574 1226 usitata,
1585 1159 1651 1212 anui
1666 1175 1741 1227 1²¹7
1750 1155 1759 1234 ί
1768 1175 1838 1228 {ary

235 1259 298 1311 quae
312 1241 478 1296 Ptolemaeus
493 1237 530 1293 de
541 1240 634 1293 Amasi
646 1245 744 1312 utpote
753 1241 849 1294 Inachi
857 1243 1016 1314 aequalipo-
1064 1239 1286 1316 -γιθτ-θμό),
1301 1244 1343 1296 uti
1357 1245 1456 1298 monui
1467 1254 1539 1300 totu.
1554 1245 1597 1314 ΙΙ,
1609 1263 1640 1318 p.
1657 1250 1705 1310 at.

234 1337 342 1395 suerat,
352 1327 511 1398 Thrasyllus
525 1325 712 1398 comprobare
732 1327 868 1396 studeret,
889 1329 1016 1400 apposita
1436 1379 1453 1436 5

235 1431 331 1468 return
357 1414 518 1470 Graecanun
539 1413 724 1486 chronologia
748 1415 786 1468 ita
811 1414 963 1484 adornata,
985 1428 1018 1471 ut
1457 1420 1464 1434 ⁸

236 1501 331 1554 Inachi
346 1510 409 1554 aetas
420 1499 525 1554 incidat
540 1500 621 1554 inan.
638 1499 694 1565 345
705 1513 770 1555 ante
782 1503 893 1556 initium
903 1503 1016 1558 Periodi
1103 1499 1182 1554 ldem
1194 1501 1246 1568 lx,
1264 1499 1301 1556 36
1318 1519 1327 1554 ι
1340 1502 1419 1558 Δοκεῖ
1436 1497 1464 1558 δὲ
1477 1499 1686 1579 (Δημόκριτος),
1701 1501 1785 1580 φησὶ,
1800 1505 1840 1562 καὶ

236 1589 383 1644 Sothiacae.
401 1589 494 1658 Quare
520 1589 614 1642 locum
627 1599 754 1644 nostrum
776 1609 811 1646 cx
830 1589 1017 1662 Αἰγυπτιακοῖς
1063 1581 1185 1652 Ἀθήναζε
1209 1585 1292 1642 thiria
1305 1584 1351 1644 καί
1371 1585 1409 1661 μὴ
1429 1586 1575 1644 σπουδάσαι
1586 1591 1756 1661 γνωσθῆναι,
1773 1588 1841 1658 δόξης

234 1675 352 1746 petitum
367 1693 423 1728 esse
437 1675 571 1747 suspicor.
582 1675 756 1748 Thrasyllum
771 1694 862 1730 veroa
876 1677 1016 1732 Clemente
1061 1674 1239 1749 καταφρονῶν.
1256 1670 1311 1731 Καί
1331 1672 1425 1730 ιίδόναι
1443 1671 1490 1748 μίν
1518 1672 1675 1752 Σωκράτην;
1697 1678 1840 1750 ἀγνοεῖσθαι

234 1760 377 1815 laudatum
392 1761 513 1816 cundem
528 1779 661 1832 esserum
677 1765 775 1834 coqui
796 1766 838 1818 De
861 1766 1014 1819 Democriti
1061 1756 1088 1813 δὲ
1101 1761 1145 1814 ὑπ’
1162 1760 1258 1817 αὐτοῦ·
1276 1785 1288 1810 ν
1312 1749 1414 1819 Ἦλθον
1433 1758 1501 1837 γθρ,
1525 1759 1617 1838 φησίν,
1632 1761 1658 1827 t<
1680 1759 1787 1830 Ἀθήνας
1799 1763 1839 1819 καί

233 1850 343 1922 scriptis
351 1850 425 1922 egit,
441 1848 508 1904 inde
522 1867 609 1922 eruo,
626 1849 775 1922 quodque
787 1861 883 1906 nostro
897 1851 962 1905 loco
980 1851 1016 1904 de
1061 1841 1128 1908 οὔτις
1141 1844 1306 1920 usipetes.
1323 1873 1335 1896 ν
1353 1873 1366 1897 ιι
1382 1844 1466 1924 Είπιρ
1481 1849 1503 1904 oi
1517 1845 1687 1922 Ἀντερασταὶ
1702 1847 1839 1912 Πλάτωνός

233 1955 288 1992 era
307 1936 426 2008 Trojano
438 1948 597 2009 ponuntur,
618 1939 724 2010 optime
742 1939 887 1993 conciliari
901 1947 1016 2012 possunt
1060 1932 1129 2006 εἰσι,
1144 1956 1155 1982 ν
1168 1932 1232 2012 φησί
1242 1933 1394 2012 Θραωίλος,
1409 1961 1422 1985 ι
1439 1930 1514 2000 οὗτος
1528 1933 1559 1990 όν
1574 1933 1615 2007 cin
1634 1935 1839 2014 όπαραγινόμε·

234 2044 298 2078 rum
311 2025 416 2096 iisque
431 2025 467 2079 de
481 2026 636 2080 Democriti
656 2025 796 2080 natalibus
810 2044 845 2080 ex
867 2027 1014 2098 Thrasyllo
1060 2040 1101 2082 νοι
1126 2017 1273 2096 ἀνώνυμοι,
1295 2024 1347 2079 τῶν
1364 2023 1424 2102 περὶ
1444 2021 1588 2092 Οἰνοπίδην
1609 2023 1654 2080 ναί
1670 2021 1839 2102 Ἀναξαγόραν

232 2112 314 2167 affert
331 2113 471 2186 Diogenes
488 2112 623 2170 Laertius.
1061 2102 1158 2182 ἕτερος,
1174 2109 1200 2166 ἒν
1223 2111 1256 2184 τῇ
1282 2108 1346 2186 πρὸς
1372 2108 1516 2187 Σωκράτην
1541 2109 1632 2186 ὁμιλίᾳ
1657 2109 1839 2190 διαλεγόμενος

232 2259 282 2317 TA
307 2259 383 2318 nrt)
405 2259 482 2317 ἸῊΣ
508 2259 769 2317 ΑΝΑΓΝΩΣΕΩΣ
794 2259 873 2318 ἸῺΝ
895 2261 1013 2318 ΔΗΜΟ·
1060 2277 1074 2336 g

473 2347 611 2405 lil’lTOl'
633 2346 796 2404 Blllhlth.

1060 2192 1120 2270 περὶ
1132 2195 1295 2272 φιλοσοφίας,
1306 2187 1343 2276 ᾧ,
1365 2195 1456 2277 φησίν,
1469 2200 1483 2256 ό
1497 2197 1637 2276 φιλοσόφος
1656 2200 1691 2263 tn
1707 2199 1840 2278 πεντάθλῳ

1074 2302 1151 2339 utxsv.
1165 2309 1177 2332 a

1437 2408 1466 2464 6.

608 2494 636 2552 4¹
1049 2573 1051 2578 -
1098 2535 1177 2590 Idem
1189 2535 1245 2606 1x,
1262 2537 1298 2592 38
1315 2538 1422 2606 ιΔῆλον
1445 2535 1472 2594 δὲ
1488 2537 1540 2594 κάκ
1558 2541 1610 2596 τῶν
1627 2539 1840 2616 συγγραμμάτων

270 2625 410 2697 Diogenes
431 2623 465 2680 L.
480 2623 532 2692 lx,
549 2628 582 2687 tr
608 2640 615 2680 :
641 2618 1013 2702 ί’έγονεθὲτοῖςχρόνοις,ὡς
1058 2607 1109 2683 οἷον
1133 2609 1165 2690 ἦν
1185 2622 1392 2701 (Δημόκριτος).
1406 2629 1483 2682 Δοκεῖ
1497 2622 1541 2700 δὲ,
1565 2624 1643 2704 φησὶν
1658 2630 1672 2684 θ
1686 2627 1836 2704 Θρασύλος,

232 2707 309 2776 αὗτός
325 2731 402 2789 φησιν
419 2711 495 2786 ἐντῷ
509 2711 597 2789 μικρῷ
610 2751 612 2756 -
626 2708 785 2790 Διακόαμῳ,
803 2711 857 2778 νόος
871 2707 1012 2793 κατθαρι-
1059 2705 1176 2777 ζηλωτὴς
1199 2709 1331 2785 γεγονέναι
1351 2709 1462 2768 καὶτῶν
1479 2713 1681 2790 Πυθαγορικῶν·
1707 2711 1776 2770 ἀλλὰ
1797 2713 1839 2770 καί

231 2796 330 2866 τόθι-ον
347 2793 530 2874 Ἀναξαγόραν,
551 2795 633 2854 ἔτεσιν
651 2799 730 2856 αὐτοῦ
745 2797 867 2878 νεώτερος
886 2803 1011 2881 τετταρό-
1059 2793 1139 2850 ‘lim'li
1160 2795 1315 2874 Πυθαγόρου
1331 2795 1479 2873 μέμνηται,
1502 2797 1642 2874 θαυμάζων
1665 2799 1743 2858 αὐτὸν
1767 2803 1792 2858 ἐν
1804 2802 1837 2878 τῷ

230 2906 319 2944 κοντα.
363 2881 542 2962 Συντετόχθαι
561 2883 590 2942 δι’
604 2907 668 2962 φησι
691 2885 735 2942 τὸν
756 2886 849 2966 μικρὸν
862 2889 1011 2966 Διόκοσμςν
1057 2879 1190 2960 ὁμωνύμῳ
1202 2881 1399 2961 συγγράμματι.
1416 2883 1510 2944 Πάντα
1529 2881 1556 2940 δὲ
1570 2883 1640 2942 δοκεῖ
1655 2885 1729 2961 παρὰ
1750 2885 1836 2946 τούτου

230 2973 312 3031 ἔτεσιν
323 2969 428 3050 ὕστερον
438 2975 484 3052 τῆς
497 2970 575 3030 Ἰλίου
589 2971 712 3040 ἁλώσεως
727 2974 867 3052 τριάκοντα
879 2976 924 3034 καί
935 2981 1012 3036 ἕκτα·
1058 2965 1148 3024 λαθεῖν
1163 2967 1208 3026 καί
1221 2971 1300 3028 αὐτοῦ
1314 2972 1336 3029 δ’
1351 2969 1383 3028 ἂν
1398 2971 1556 3044 tassetan,
1570 2973 1593 3029 ῑῖ
1612 2970 1649 3046 μὴ
1664 2971 1697 3029 τὰ
1711 2976 1765 3030 τῶν
1775 2975 1836 3052 χθό·

230 3057 335 3124 κοσίοις,
350 3057 453 3136 Γεγόνοι
472 3055 493 3114 δ’
506 3056 553 3122 ita.
568 3061 602 3124 ὡς
614 3057 662 3134 μὲν
674 3059 864 3140 Ἀπολλόδωρος
878 3065 905 3120 ἐν
918 3067 1011 3143 Χρονι-
1057 3079 1107 3110 νων
1117 3055 1239 3134 ἐμάχετο·

229 3152 297 3216 κοῖς,
310 3144 377 3203 κατὰ
388 3143 435 3215 τὴν
452 3145 627 3222 ὀγδοηκοστὴν
643 3143 829 3222 Ὀλυμπιάδα·
850 3151 884 3216 οι
896 3149 924 3208 δὲ
937 3154 1011 3229 θρα·
1097 3159 1176 3215 nen
1193 3163 1250 3231 rx,
1266 3162 1302 3228 ts
1320 3180 1328 3222 ι
1344 3159 1429 3221 rtet
1446 3161 1537 3240 μου
1551 3164 1629 3222 sens
1643 3162 1689 3221 να
1703 3164 1837 3242 spontin

229 3232 306 3298 σύλας
320 3234 345 3289 ἐν
369 3235 406 3311 τῷ
421 3231 621 3312 ἐπιγραφομένῳ
639 3236 665 3294 Τ
667 3231 684 3290 θ
705 3233 755 3312 πρὸ
779 3239 825 3304 τῆς
843 3237 1011 3312 ἀναγνώσεως

229 3323 280 3377 τῶν
306 3319 472 3398 Δημοκρίτου
496 3319 614 3398 βιόλίων,
634 3317 702 3378 terh
726 3320 756 3378 τὸ
780 3322 865 3400 τρίτον
889 3323 944 3392 ἔτος
965 3331 1012 3398 τῆς

229 3405 344 3480 ἑθδόμης
370 3405 415 3462 καὶ
445 3405 642 3482 ἑὸδομηκοστῆς
671 3407 867 3487 Ὀλυμπιάδος,
888 3413 1010 3493 ἐνιαυτῷ,

230 3492 308 3571 φησὶ,
321 3493 496 3572 πριαόύτερος
510 3492 546 3551 ὢν
558 3494 723 3574 Σωκράτους.

1057 3241 1222 3326 όναγόγραφε
1231 3245 1299 3304 κατὰ
1311 3245 1385 3315 τόξιν
1398 3248 1479 3314 οὕτως
1489 3247 1603 3326 ὡσπερεί
1613 3249 1660 3308 καί
1674 3247 1708 3306 τό
1725 3251 1835 3309 Πλαίτιυ-

1058 3353 1114 3402 νος,
1131 3331 1200 3390 κατόν
1210 3333 1390 3414 τετραλογίαν.
1407 3340 1541 3411 Sequitur
1552 3340 1724 3412 scriptorum
1739 3357 1834 3394 reeen-

1056 3439 1120 3495 sus,
1132 3440 1216 3494 quem
1228 3443 1285 3502 non
1298 3426 1439 3484 exseribo.
1458 3425 1540 3496 Vide,
1551 3429 1600 3500 qui
1612 3425 1672 3484 susc
1688 3426 1724 3482 de
1738 3427 1781 3482 his
1790 3445 1835 3480 er·

1057 3509 1138 3579 ponit
1147 3549 1157 3583 ,
1165 3509 1349 3566 Mullachium
1362 3513 1392 3566 in
1403 3513 1477 3566 libro
1491 3516 1534 3569 De
1545 3515 1710 3568 Democrito
1722 3532 1754 3586 p.
1774 3512 1824 3568 105

233 3616 1821 3646 Q

229 3658 407 3718 LlTGENDA
429 3660 527 3718 ANTE
540 3661 760 3724 LECTlONEM
779 3665 1006 3727 DEMOCRITI.
1035 3711 1036 3714 ι

605 3800 632 3850 θ.

260 3892 330 3952 Erat,
341 3889 426 3952 utipse
435 3891 459 3938 in
468 3902 542 3952 perro
551 3891 676 3940 Diacosmo
688 3892 772 3951 reteri,
781 3894 1005 3956 DemocritusJ'uve·

227 3969 407 4018 nissenesceute
415 3973 561 4028 anaxagora,
569 3967 1007 4033 illominornatuannisquadraginta.

228 4048 331 4100 Paryrtm
339 4056 396 4092 tero
405 4043 472 4092 illum
482 4043 635 4094 Diaoosmum
644 4057 690 4095 ase
697 4047 857 4108 compositum
867 4049 939 4098 reteri
946 4063 1009 4098 auno

228 4125 281 4186 post
290 4123 368 4185 trojo
379 4122 500 4172 excidium
512 4122 722 4185 septingentesimo
738 4125 867 4188 trigesimo.
878 4128 953 4176 Natus
963 4129 1006 4177 ita·

227 4215 274 4264 que
291 4201 374 4261 luent,
394 4201 421 4248 ut
440 4199 474 4248 ait
493 4199 650 4260 Apollodorus
667 4200 693 4248 in
710 4201 849 4262 chronicis,
867 4203 1009 4266 Olympiade

227 4279 371 4338 octogesima
383 4277 442 4338 (tto
454 4289 478 4324 a.
496 4274 556 4336 c.);
570 4277 597 4324 ut
614 4277 695 4326 autem
712 4278 842 4340 Thrasylus
858 4279 883 4328 in
901 4295 930 4328 eo
948 4268 1012 4330 libro‘

227 4354 269 4416 uui
290 4353 428 4402 inscribitur
443 4351 552 4414 Legenda
568 4353 625 4402 aute
639 4353 766 4404 lectionem
783 4355 899 4404 librorum
920 4361 1007 4405 Demo·

228 4432 296 4490 criti,
309 4431 440 4489 memorat,
452 4441 516 4478 anuo
525 4428 598 4478 tertio
612 4431 794 4492 septuagesimae
806 4433 913 4493 septime
924 4434 1007 4496 Olym·

228 4508 303 4571 piadis
315 4509 372 4567 (lio
385 4519 408 4556 a.
420 4507 550 4565 0.),,ιιιο
559 4506 636 4568 major
646 4509 705 4557 aatu
717 4521 789 4569 quam
801 4513 916 4558 socrates.

258 4675 366 4734 Constet,
376 4591 640 4734 inquittDemctriussih
648 4675 788 4724 ltomittibus
796 4677 1006 4738 cognominibus),

227 4749 392 4802 Democritum
404 4749 508 4800 Attienus
525 4764 623 4814 qnoque
634 4754 724 4800 venisse
733 4755 806 4814 atquc
821 4753 853 4800 oh
869 4754 1006 4816 despecttrm

226 4829 309 4894 gloriae
318 4826 411 4888 agnosci
423 4827 526 4878 uoluisse
544 4836 586 4878 :et
602 4829 740 4890 cognovisse
758 4830 854 4892 quidem
866 4833 1005 4890 socratem,

1055 3669 1099 3718 sed
1108 3670 1133 3718 in
1146 3671 1198 3732 ey'us
1207 3673 1319 3722 notitiam
1331 3687 1380 3724 non
1393 3674 1494 3724 venisse
1506 3675 1567 3724 ναοί
1585 3675 1649 3724 enim
1668 3676 1785 3736 tumn,
1800 3676 1833 3723 in·

1055 3747 1121 3808 nuit,
1132 3751 1157 3796 et
1167 3762 1207 3798 tue
1215 3762 1288 3798 nemo
1297 3752 1417 3813 cognorit.
1426 3771 1439 3794 a
1450 3751 1475 3801 si
1484 3751 1581 3813 quidem
1591 3753 1724 3801 intumas
1734 3752 1836 3802 Platonis

1056 3825 1126 3884 sunt,
1136 3827 1170 3874 ait
1177 3826 1320 3888 Thrasylus,
1331 3828 1370 3876 hic
1380 3841 1432 3878 esse
1442 3828 1536 3878 videtur
1544 3827 1585 3877 ille
1593 3829 1635 3890 qui
1644 3842 1693 3878 non
1702 3829 1835 3878 nnmlriatm

1055 3901 1151 3964 aderat,
1169 3903 1278 3954 diversus
1288 3905 1320 3954 ub
1334 3907 1429 3956 aseclis
1445 3905 1574 3968 OEnopidis
1589 3909 1614 3956 et
1633 3911 1796 3969 Amsagone,
1813 3909 1833 3954 in

1055 3979 1242 4040 colloquiorum
1261 3983 1360 4031 Socrate
1370 3982 1487 4032 dissuem
1497 3983 1528 4032 de
1539 3983 1704 4046 philosophia,
1722 3985 1776 4044 cui,
1788 3983 1832 4044 ait,

1055 4056 1179 4116 pentathlo
1190 4057 1274 4107 similis
1285 4059 1380 4109 ridetur
1393 4073 1444 4110 esse
1459 4061 1619 4124 philosophus
1633 4081 1645 4104 ν

1428 4177 1455 4226 ii.

1085 4293 1184 4341 constat
1192 4294 1273 4342 autem
1282 4293 1320 4342 rel
1329 4307 1361 4342 ex
1369 4294 1464 4356 scriptis
1472 4293 1601 4342 Democriti
1609 4293 1744 4354 cujtrsmodi
1752 4293 1829 4343 tuerit.

1054 4367 1154 4417 videtur
1165 4371 1260 4430 autem,
1271 4372 1298 4418 ui
1313 4370 1347 4419 ait
1361 4370 1505 4433 Tlrrasylus,
1522 4372 1547 4419 et
1559 4369 1722 4431 Pythagoreus
1732 4370 1827 4419 emitta-

1054 4447 1092 4494 tus
1106 4459 1112 4492 :
1122 4444 1181 4506 quin
1190 4445 1263 4495 etiam
1273 4447 1347 4508 ipsius
1357 4449 1497 4510 Pythagorea
1507 4447 1629 4507 ntemiuit,
1641 4445 1711 4496 illum
1719 4447 1829 4509 singulari

1052 4522 1209 4572 admiratione
1220 4537 1336 4574 tenearis
1346 4526 1371 4574 in
1384 4525 1446 4574 libro
1461 4525 1609 4588 cognomine.
1626 4525 1692 4574 Adeo
1703 4527 1782 4574 autem
1793 4525 1828 4572 ti-

1052 4599 1123 4649 tletur
1136 4600 1168 4648 ab
1177 4600 1219 4649 illo
1228 4603 1346 4664 recepisse
1355 4604 1450 4670 omnia,
1460 4606 1500 4663 ut,
1513 4602 1557 4652 nisi
1567 4604 1703 4664 temporum
1709 4601 1778 4660 satio
1788 4601 1828 4649 ob·

1052 4679 1141 4738 staret,
1150 4678 1219 4727 illum
1228 4679 1253 4728 et
1263 4679 1381 4728 auditis-te
1391 4683 1524 4742 putaretur.

1082 4757 1195 4804 ceterum
1206 4756 1336 4806 Democriti
1355 4757 1427 4806 llltros
1439 4759 1463 4806 et
1476 4757 1607 4818 'rlrrasylus
1620 4755 1713 4804 notarit
1724 4756 1794 4816 atqrte
1804 4755 1826 4802 in

1052 4832 1158 4882 ordinem
1169 4833 1265 4896 digessit
1273 4834 1343 4884 sicuti
1355 4835 1471 4895 Platonis,
1484 4833 1617 4884 secuudum
1627 4831 1781 4894 tentonem
