3910 5728
235 355 271 406 itt
859 342 893 415 Q.
917 341 1017 402 FABll
1050 343 1226 404 titionis

233 468 281 524 bet
301 466 443 540 Polybius.
454 464 566 522 Deinde
577 465 661 522 etiam
674 465 841 538 Dionysium
857 473 1009 538 torquent,
1061 465 1158 520 eodem
1177 465 1242 537 jure
1262 475 1394 538 quartum
1416 465 1605 538 quintumque
1622 467 1656 538 Q.
1674 467 1754 522 Fabii
1769 487 1843 541 opus

188 619 191 626 ¹
233 555 282 630 iqui
296 555 432 628 Quintum
451 555 570 610 Fabium
589 563 697 608 vetrista
718 564 847 627 tempora
865 553 1013 624 arestein·
1060 552 1223 608 historicum
1233 553 1337 608 dicere.
1352 554 1443 607 Porro
1454 555 1554 620 etiam,
1568 553 1648 626 quod
1659 553 1771 608 videtur
1781 575 1842 610 non

233 641 299 712 δῶς,
321 643 342 700 i.
367 660 394 700 e.
419 642 578 698 summatim
599 641 645 696 vel
663 641 852 714 capitulatim,
877 659 926 696 sua
946 659 1013 696 vero
1062 642 1154 695 minus
1177 653 1300 708 certum,
1321 640 1358 696 de
1374 641 1554 696 translatione
1574 642 1723 696 Annalium
1739 644 1843 700 Fabia-

232 729 278 806 (in
293 730 520 797 Commentariis,
542 729 637 796 aiunt,
659 727 761 784 sisela
784 725 883 803 biblion
896 726 1015 802 bnopri·
1062 745 1179 795 norum,
1194 729 1251 782 sire
1274 744 1363 800 graeca
1387 728 1445 782 sive
1467 729 1569 796 latina,
1586 729 1705 801 cogitari
1722 731 1840 803 nequit,

233 837 298 882 σιως
310 835 326 872 a
339 817 459 890 Polybio
471 815 575 890 citatis)
592 813 708 892 tapetia
728 816 866 889 scripsisse
882 815 967 874 dicat.
980 819 1016 870 At
1062 835 1150 889 quum
1163 825 1191 869 et
1205 815 1362 870 testimonia
1374 816 1457 889 plane
1468 815 1572 882 desint,
1586 826 1613 870 et
1628 815 1765 888 ejusmodi
1779 822 1840 893 opi·

233 903 266 958 id
280 922 340 960 non
353 902 425 958 dixit
439 903 475 960 de
486 922 544 958 uno
558 903 665 976 Quinto
678 903 784 972 Fabio,
801 902 870 958 dicit
883 903 966 958 etiam
980 901 1017 957 dc
1061 903 1148 956 nione
1161 921 1206 958 res
1217 900 1381 958 difficultate
1395 921 1454 957 non
1465 913 1522 958 tam
1535 903 1671 958 liberetur
1685 924 1770 977 quam
1785 909 1841 962 irn-

233 993 323 1046 Lucio
339 990 446 1047 Cincio.
467 992 565 1063 Neque
585 990 656 1046 illud
676 979 859 1068 aspbhauodiic
877 989 1016 1062 quadrare
1062 989 1192 1060 plicetur.
1212 989 1291 1044 Certe
1311 989 1460 1044 Claudium
1477 989 1619 1062 quendam
1639 993 1760 1048 Annales
1774 996 1841 1049 Aci-

233 1088 335 1152 putant
348 1079 378 1132 in
391 1077 426 1148 Q.
440 1078 521 1134 Fabii
533 1079 644 1133 annales
661 1078 697 1133 de
708 1078 830 1150 antiquis
842 1077 1017 1150 temporibus
1062 1076 1150 1130 lianos
1174 1095 1209 1131 ex
1232 1095 1324 1149 gesem
1348 1077 1379 1131 in
1401 1077 1518 1131 latinum
1544 1095 1701 1133 sermonem
1724 1083 1841 1138 vertisse

233 1166 511 1238 scriptos,quoniam
521 1165 766 1237 Livio,Dionysio
776 1166 930 1237 ceterisque
943 1166 1016 1220 testi·
1062 1164 1157 1218 Livius
1178 1165 1274 1231 XXV,
1297 1162 1348 1236 39,
1366 1175 1394 1218 et
1412 1165 1539 1232 XXXV,
1565 1171 1597 1230 ii
1618 1165 1841 1239 diligenterani-

235 1254 302 1321 bus,
316 1262 437 1308 vetustas
450 1270 494 1308 res
506 1254 649 1326 copiosius
660 1253 823 1326 exposuerit
833 1270 916 1324 quam
931 1255 1016 1308 ceteri
1062 1250 1223 1319 madvertit,
1244 1268 1331 1324 eaque
1343 1251 1456 1306 videtur
1472 1252 1651 1307 historiarum
1665 1271 1754 1327 graece
1772 1275 1842 1311 con-

235 1342 388 1397 Annalium
402 1341 596 1412 confectores,
611 1359 686 1396 nunc
709 1340 824 1414 quidem
847 1343 1015 1413 superstites.
1061 1338 1228 1410 scriptarum
1240 1339 1355 1403 omnino
1366 1341 1458 1412 prima
1467 1341 1609 1394 translatio
1620 1359 1687 1397 esse.
1699 1343 1840 1416 Denique,

236 1430 327 1500 Quam
340 1429 378 1484 ob
391 1447 453 1484 rem
465 1427 500 1498 Q.
516 1429 633 1484 Fabium
646 1439 695 1484 aut
705 1428 749 1482 bis
768 1427 888 1483 Annales
901 1428 967 1483 iude
980 1428 1016 1482 ab
1063 1425 1167 1480 etiamsi
1182 1428 1217 1497 Q.
1233 1426 1336 1481 Fabius
1351 1425 1398 1500 (id
1412 1426 1490 1498 quod
1502 1427 1582 1480 nullo
1596 1445 1649 1500 ego
1664 1428 1752 1483 modo
1772 1449 1840 1485 con·

135 1545 137 1552 ν
235 1517 305 1572 urbe
319 1517 433 1572 condita
447 1518 636 1590 composuisse
653 1527 681 1572 et
700 1535 789 1590 graece
803 1527 831 1570 et
846 1517 947 1590 latine,
969 1527 1018 1571 aut
1062 1509 1150 1588 redo)
1164 1523 1283 1585 utraque
1294 1514 1387 1586 lingua
1399 1512 1515 1568 diversis
1524 1516 1657 1568 nimirum
1665 1519 1842 1589 temporibus

234 1603 320 1658 latine
343 1615 452 1659 tantum
475 1615 575 1660 contra
596 1605 724 1676 Dionysii
742 1605 948 1672 testimonium,
970 1613 1017 1658 aut
1062 1601 1174 1655 annales
1186 1600 1338 1656 confecerit
1351 1619 1358 1654 ι
1372 1609 1465 1654 tamen
1477 1602 1554 1656 nulla
1565 1601 1632 1656 inde
1644 1621 1726 1658 causa
1738 1609 1840 1661 enasci·

236 1690 360 1746 duorum
385 1692 526 1748 librorum
550 1690 715 1766 (Annalium
741 1703 769 1746 et
794 1691 1018 1746 Commentario-
1063 1687 1433 1760 tur,curapudCieeronem
1445 1687 1640 1759 Dediv.1,ar
1656 1691 1764 1758 Quinti,
1781 1701 1843 1750 non

236 1779 315 1852 rum)
336 1797 427 1834 unum
451 1797 556 1853 graece,
579 1779 699 1834 alterum
721 1779 816 1833 latine.
843 1778 899 1832 Sed
922 1777 1018 1832 dehis
1064 1776 1191 1829 Numerii
1213 1776 1314 1840 Fabii,
1332 1793 1416 1848 quom
1430 1785 1512 1830 vocat
1524 1777 1770 1844 Tullius,Graecos
1787 1775 1841 1834 a'n'-

235 1867 377 1921 sententiis
387 1867 489 1940 partim
499 1865 608 1938 ,dictum
622 1876 678 1933 est,
690 1867 793 1938 partim
805 1875 870 1936 post
886 1863 996 1920 dicetur
1009 1883 1016 1922 :
1062 1862 1138 1914 itales
1149 1863 1348 1934 intelligamus,
1361 1873 1392 1915 ut
1405 1863 1503 1935 Pingui
1518 1863 1644 1932 Minerva
1659 1883 1722 1918 cum
1734 1865 1844 1940 Dimit-

236 1970 311 2008 nunc
325 1971 393 2010 vero
409 1972 522 2027 agamus
535 1952 571 2008 de
584 1953 734 2008 Annalium
749 1963 776 2006 et
791 1951 1017 2020 Commentario·
1062 1949 1104 2002 sio
1128 1949 1227 2003 Cicero
1253 1949 1411 2004 consentire
1434 1959 1562 2022 cogatur.
1591 1951 1683 2004 Immo
1707 1971 1776 2008 vero
1801 1957 1842 2010 sic

236 2057 300 2094 rum
312 2041 363 2096 ista
384 2040 553 2096 diversitate.
570 2041 733 2112 Dionysius,
747 2049 780 2092 ut
798 2040 857 2112 ipse
873 2041 925 2107 ait,
946 2059 1018 2114 grm-
1062 2032 1171 2110 ulei-ypsi
1182 2046 1309 2110 augetur,
1324 2055 1382 2090 non
1394 2037 1526 2105 solvitur3
1540 2055 1591 2092 nec
1605 2057 1673 2093 vero
1685 2041 1774 2095 ullum
1785 2043 1844 2096 hu-

236 2145 302 2180 eum
315 2127 413 2198 Quinti
434 2129 514 2184 Fabii
531 2127 567 2182 dc
586 2127 707 2198 antiquis
721 2127 896 2199 temporibus
914 2128 1017 2182 librum
1060 2123 1105 2194 jus
1117 2126 1243 2179 lectionis
1262 2127 1409 2197 vestigium
1426 2127 1454 2178 in
1469 2125 1615 2181 codicibus
1629 2129 1709 2182 inest.
1724 2131 1841 2184 Utinam

236 2213 378 2282 adhibuit,
394 2214 487 2284 unde,
499 2215 522 2270 si
532 2231 647 2286 urgeres
661 2211 774 2267 titulum
789 2209 885 2287 βίΰλων
900 2211 1017 2287 ὓπομνῆ-
1063 2211 1203 2282 adessent,
1219 2215 1269 2285 qui
1285 2214 1360 2268 litem
1379 2212 1564 2281 dirimerent,
1579 2225 1714 2270 emunctae
1728 2217 1842 2272 meher-

236 2319 316 2368 σεως,
327 2301 397 2354 nihil
412 2301 491 2372 sequi
503 2317 584 2372 posse
594 2298 740 2353 videretur
751 2297 937 2372 (quamquam
948 2319 1017 2356 vero
1063 2301 1126 2354 culo
1148 2303 1223 2355 naris
1235 2302 1378 2355 homines!
1396 2300 1470 2375 (cie.
1483 2303 1535 2374 Ep.
1548 2301 1584 2355 ad
1596 2301 1653 2356 div.
1666 2303 1840 2380 ix,·16,·6).

235 2404 272 2441 ne
286 2386 357 2441 illud
371 2389 460 2459 ipsum
472 2385 685 2459 quidem),nisi
701 2403 757 2440 suae
773 2387 859 2440 aetatis
872 2405 1017 2442 commen-
1063 2386 1118 2441 Sed
1141 2387 1254 2444 fortasse
1274 2390 1333 2443 sine
1355 2389 1469 2442 illorum
1493 2390 1653 2461 sagacitate,
1678 2393 1844 2449 testimoniis

237 2475 324 2528 tarios
339 2474 457 2530 Fabium
473 2473 557 2528 latine
571 2471 688 2526 fortasse
701 2473 852 2545 scripsisse.
867 2475 909 2528 En
926 2473 1017 2544 Quin·
1062 2485 1190 2530 veterum
1211 2477 1366 2532 accuratius
1389 2477 1562 2544 examinatis,
1585 2496 1629 2532 res
1653 2479 1690 2533 ita
1713 2481 1844 2552 expediri

237 2560 379 2628 atilianus,
395 2561 516 2628 Gellius,
532 2559 640 2614 Nonius
655 2559 783 2629 obstant,
797 2561 847 2631 qui
860 2562 947 2634 ipsius
962 2565 1017 2618 Fa·
1062 2573 1164 2634 potest.
1177 2564 1308 2633 Quintum
1321 2565 1439 2617 Fabiam
1449 2582 1536 2637 graece
1544 2565 1683 2637 scripsisse
1692 2569 1845 2641 Dionysius

236 2645 278 2700 bii
300 2649 419 2702 Pictoris
440 2654 510 2716 (non
532 2647 629 2717 Quinti
652 2646 720 2702 Fab.
747 2646 794 2719 P.)
822 2648 907 2702 latina
929 2651 1016 2706 verba
1063 2659 1189 2723 testatur,
1202 2652 1345 2724 quiquam
1355 2661 1499 2706 auctorem
1509 2653 1844 2722 eumhabuerit,errasse

238 2731 371 2786 exhibent
384 2732 420 2788 de
436 2733 552 2788 historia
567 2743 729 2806 temporum
749 2735 1016 2806 antiquissimorum.
1062 2738 1205 2809 putandus
1216 2757 1275 2791 non
1287 2747 1328 2791 est
1341 2756 1348 2791 ε
1362 2739 1519 2793 testimonia
1531 2757 1614 2806 vero,
1630 2759 1692 2811 qnae
1707 2741 1843 2799 dicuntur

237 2822 283 2872 An
305 2819 433 2891 antiquas
463 2837 508 2874 res
534 2820 618 2876 lutino
646 2821 769 2894 scripsit,
796 2821 1017 2878 Commentarios
1063 2825 1147 2878 latine
1160 2843 1225 2879 eum
1248 2825 1538 2898 scripsissc,argucre,
1554 2827 1712 2896 Ciceronis,
1729 2831 1844 2900 Quinti-

237 2905 347 2978 graece?
371 2905 478 2960 Diserte
500 2917 634 2980 recteque
664 2908 831 2980 obloquitur
854 2909 1015 2982 Dionysius.
1063 2913 1144 2981 liani,
1159 2912 1240 2967 Gellii
1262 2924 1288 2967 et
1308 2913 1394 2968 Nonii
1414 2912 1479 2966 dico
1493 2914 1522 2966 in
1544 2915 1646 2986 quibus
1670 2935 1727 2969 non
1742 2917 1846 2977 diserte

237 2990 294 3046 Sed
312 3010 377 3048 meo
395 2991 505 3063 judicio
523 2995 725 3066 Dionysianum
743 2993 814 3049 illud
835 2994 1018 3072 κεφαλαιωδῶς
1064 2999 1182 3067 Quintus
1194 2997 1298 3054 Fabito
1318 3001 1419 3062 Pictor,
1439 3017 1490 3053 nec
1506 3000 1626 3069 Quintiis
1640 3000 1763 3074 Fabiam,
1789 3008 1841 3062 sed

236 3078 307 3132 nihil
330 3090 371 3136 cst
382 3070 443 3136 'arisi
457 3081 577 3138 Graeculi
599 3082 770 3152 verbositas,
790 3099 879 3156 quum
895 3087 1018 3160 exceptis
1064 3087 1169 3142 Fabius
1180 3095 1286 3142 tantum
1297 3130 1304 3156 ‚
1316 3086 1361 3141 rel
1376 3085 1536 3153 Pictor,ch
1554 3090 1660 3143 Fabius
1670 3091 1767 3146 Pictor
1779 3093 1843 3148 lau-

239 3167 414 3222 orationibus
436 3178 463 3222 et
491 3171 767 3236 ratiocinationibus,
790 3173 837 3225 vix
866 3173 1016 3244 quicquam
1063 3176 1154 3245 datur,
1177 3176 1276 3230 referri
1293 3175 1407 3232 sortasse
1429 3187 1545 3248 possunt
1559 3179 1604 3232 vcl
1625 3177 1728 3233 debent
1748 3183 1845 3253 potius

237 3253 283 3306 vel
292 3271 434 3326 perpauca
448 3255 589 3326 copiosius
600 3275 685 3329 quam
696 3259 731 3328 Q.
752 3258 854 3312 Fabius
867 3269 915 3312 aut
931 3277 1018 3333 expo·
1063 3263 1099 3318 ad
1112 3265 1230 3319 Fabium
1250 3264 1391 3318 Pictorem
1403 3281 1483 3330 eum,
1499 3266 1548 3336 qui
1564 3267 1657 3320 Nonio
1672 3277 1738 3322 teste
1751 3279 1780 3322 et
1798 3289 1845 3324 re-

238 3341 325 3394 snerit
338 3351 387 3396 aut
398 3358 540 3412 exponere
556 3344 640 3398 etiam
653 3345 787 3414 potuerit.
801 3347 842 3400 Ac
855 3345 941 3414 nihil,
955 3349 1018 3420 opi—
1062 3371 1126 3406 rum
1137 3361 1273 3425 gestarum
1285 3351 1372 3406 libros
1383 3351 1469 3406 latine
1479 3355 1600 3426 scripsit,
1613 3365 1641 3408 et
1652 3354 1761 3426 dejure
1772 3377 1844 3430 pon.

238 3443 302 3494 nor,
321 3427 472 3498 Dionysius
485 3428 581 3496 sensit,
595 3429 647 3483 nisi
663 3429 692 3482 in
712 3447 771 3486 uno
786 3441 813 3485 et
828 3431 929 3487 eodem
943 3434 1017 3489 libro
1062 3438 1149 3494 tificio
1172 3440 1259 3494 libros
1281 3440 1456 3512 composuit,
1479 3439 1558 3512 quod
1582 3441 1698 3512 quidem
1721 3445 1844 3500 alterum

239 3512 376 3584 Quintum
398 3513 517 3568 Fabium
540 3515 669 3587 antiquas
688 3509 739 3571 res'
754 3517 867 3572 brevius
892 3537 1018 3575 narrasse
1064 3528 1161 3598 Quinti
1173 3527 1253 3583 Fabii
1265 3536 1358 3594 aetate,
1374 3535 1406 3579 ut
1420 3526 1453 3582 de
1467 3529 1500 3585 L.
1517 3529 1614 3582 Cincio
1626 3529 1768 3586 Alimento
1782 3533 1845 3589 dis-

239 3615 325 3670 quam
348 3600 450 3672 quibus
472 3601 555 3674 gestis
577 3603 637 3674 ipse
659 3604 827 3663 interfuerit.
853 3607 925 3660 Tum
940 3609 964 3661 si
984 3625 1018 3663 ex
1062 3624 1188 3688 putantes
1202 3613 1317 3686 quidam
1331 3623 1407 3667 recte
1421 3613 1572 3687 viderunt,
1587 3634 1668 3670 nemo
1684 3636 1736 3672 nec
1751 3622 1845 3676 voluit

239 3685 364 3759 Dionysii
379 3687 473 3742 verbis
496 3687 737 3764 (κιφαλαιωδῶςεῑ
757 3687 929 3768 &spedistin
945 3693 1017 3750 duos
1062 3719 1115 3755 nec
1129 3703 1212 3755 etiam
1233 3701 1337 3773 potuit.
1353 3701 1460 3754 Nonius
1478 3711 1572 3755 autem
1592 3721 1613 3759 s.
1635 3721 1664 3756 a.
1690 3703 1847 3764 Picumnus

239 3773 274 3844 Q.
291 3775 371 3832 Fabii
387 3773 475 3830 libros
489 3775 651 3847 conjectura
662 3778 789 3834 facienda
802 3792 857 3848 est,
876 3799 938 3852 quae
956 3779 1017 3836 fieri
1063 3787 1101 3842 ita
1114 3788 1247 3860 scripsit:
1272 3787 1378 3840 Fabius
1391 3789 1487 3842 Pictor
1505 3806 1595 3841 rerum
1613 3802 1754 3860 gestorum
1772 3797 1846 3852 libro

239 3863 366 3934 alioquin
387 3863 470 3917 etiam
487 3865 600 3936 nequit,
616 3864 682 3936 jure
703 3867 800 3922 mirari
818 3869 888 3922 mihi
905 3869 1016 3940 videor,
1059 3879 1168 3946 primo:
1179 3875 1567 3929 «EtsimulvidcbantPicum
1576 3876 1722 3934 illartium.
1735 3903 1747 3928 u
1759 3881 1844 3939 Ideni

239 3947 310 4021 quid
334 3950 384 4021 sit,
407 3967 458 4006 cur
481 3950 607 4006 diversos
630 3953 718 4008 libros
740 3973 798 4008 non
818 3959 1015 4013 nominaverit.
1064 3963 1133 4016 libro
1134 3967 1208 4032 juris
1213 3962 1355 4034 pontificii
1364 3967 1461 4016 tertio:
1476 3985 1488 4012 i
1501 3963 1845 4026 PiluninoetPicumno.»

238 4037 349 4092 Deinde
369 4038 452 4092 etiam
466 4039 593 4094 Cincium
609 4041 698 4096 videri
712 4043 847 4115 Dionysio
862 4053 932 4100 teste
946 4045 1018 4100 duos
1063 4049 1192 4123 intelligo
1211 4059 1304 4104 autem
1327 4049 1356 4102 in
1378 4051 1464 4104 Nonii
1486 4049 1552 4104 loco
1571 4051 1699 4106 Servium
1723 4055 1844 4114 Fabium

239 4122 328 4198 libros
350 4123 488 4196 scripsisse
511 4136 624 4198 oportet
646 4129 691 4182 vel
711 4129 807 4200 potius
825 4147 936 4185 necesse
958 4141 1016 4199 est,
1062 4136 1235 4191 Pictorema
1258 4137 1391 4192 Cicerone
1414 4137 1443 4190 in
1466 4139 1554 4191 Bruto
1580 4157 1604 4193 c.
1632 4157 1665 4193 αι
1684 4140 1843 4206 laudatum.

240 4225 328 4280 quum
342 4208 450 4284 nonde
470 4210 575 4281 Quinto
590 4213 682 4268 solum
696 4215 801 4286 Fabio,
818 4216 963 4272 sedetiam
981 4216 1017 4274 de
1063 4222 1180 4277 Accedit
1194 4223 1230 4277 ad
1253 4225 1417 4278 sententiam
1430 4233 1571 4290 nostram,
1594 4225 1673 4297 quod
1690 4229 1845 4304 Dionysius

238 4295 271 4350 L.
286 4295 383 4350 Cincio
398 4297 435 4352 ita
447 4299 583 4354 statuerit.
602 4302 721 4368 Verum,
737 4312 769 4354 ut
785 4301 877 4356 dicam
892 4321 1017 4374 quomo·
1063 4309 1146 4363 latine
1166 4311 1300 4380 Quintum
1321 4310 1438 4365 Fabium
1460 4311 1598 4382 scripsisse
1612 4313 1691 4367 nullo
1706 4315 1771 4371 loco
1789 4339 1846 4376 nec

240 4379 279 4434 do
295 4399 340 4436 res
351 4399 380 4436 se
395 4382 509 4453 babeat,
522 4384 657 4458 Polybius
668 4387 741 4458 ipsos
754 4387 791 4459 Q.
803 4389 883 4443 Fabii
898 4392 1019 4446 Annales
1063 4405 1181 4450 testatur
1202 4413 1254 4451 uec
1275 4395 1428 4470 significat,
1444 4397 1580 4468 quodque
1602 4397 1701 4456 Cicero
1725 4401 1768 4458 bis
1784 4404 1846 4480 (De

240 4467 393 4542 intellexit,
419 4489 451 4526 ac
479 4473 571 4526 minus
594 4485 739 4542 accurate,
763 4475 843 4547 quod
863 4477 934 4530 solet
957 4475 1018 4532 lieri
1064 4491 1133 4536 orat.
1148 4483 1192 4556 11,
1212 4481 1311 4552 ra,51
1328 4481 1404 4538 eiii
1421 4500 1500 4539 :non
1515 4495 1607 4539 tamen
1621 4488 1663 4542 Dc
1678 4488 1751 4563 legg.
1767 4493 1794 4561 1,
1813 4513 1843 4564 a,

241 4556 473 4639 ascriptoribus,
488 4555 594 4635 βίὸλους
607 4557 779 4634 ὑπομνήσεως
802 4564 966 4636 appellavit.
989 4567 1018 4622 si
1063 4569 1196 4624 nimirum
1222 4569 1300 4642 quod
1323 4581 1363 4624 est
1388 4571 1500 4642 aequalis
1523 4569 1653 4650 Catonis)
1685 4576 1843 4650 Pictorem,

239 4659 300 4694 non
318 4653 360 4698 est
376 4645 429 4712 ita,
453 4643 590 4720 fingamus
609 4647 728 4702 Fabium
747 4649 831 4704 etiam
852 4652 967 4705 tertium
981 4653 1018 4706 li-
1064 4675 1148 4728 quem
1172 4655 1255 4725 dicit,
1285 4667 1350 4729 post
1375 4657 1507 4712 Catonem
1532 4661 1642 4732 posuit,
1666 4672 1699 4715 ut
1729 4668 1845 4738 aequalis

240 4727 342 4796 hrum,
366 4733 562 4812 Hannibalica,
582 4735 737 4808 scripsisse,
761 4754 823 4809 quae
848 4755 912 4810 pars
933 4737 1018 4794 fuerit
1063 4743 1102 4796 M.
1118 4745 1225 4811 Porcii,
1240 4761 1298 4797 non
1320 4745 1403 4817 longe
1417 4745 1622 4816 antiquissimus
1634 4761 1744 4818 auctor,
1759 4765 1792 4808 ut
1804 4758 1845 4812 ait

241 4817 406 4889 Annalium,
434 4829 589 4892 testemque
623 4821 771 4878 asseramus
795 4824 954 4896 Appianum
989 4827 1018 4879 in
1064 4828 1172 4898 Livius,
1199 4829 1394 4904 intelligendus
1416 4848 1473 4886 esse
1495 4831 1633 4892 videatur.
1659 4839 1750 4910 Atque
1775 4841 1844 4899 huic

242 4903 335 4960 Hann.
351 4923 376 4963 e.
394 4923 441 4975 ²7·
461 4907 536 4962 Nihil
548 4907 614 4964 dico
627 4907 663 4962 de
679 4909 764 4964 Fabii
776 4908 935 4965 Annalibus
948 4913 1016 4968 Cel·
1064 4915 1114 4986 ipsi
1129 4917 1182 4982 rei,
1199 4917 1324 4988 quamvis
1337 4919 1455 4974 minoris
1471 4923 1607 4974 momenti
1629 4921 1718 4977 videri
1737 4931 1843 4998 possit,

241 4989 323 5057 lianis
339 4991 389 5064 (V,
415 4991 465 5067 li),
487 4993 556 5048 nihil
580 4994 617 5049 de
636 4996 721 5049 Fabii
740 4997 860 5051 Pictoris
878 5010 1017 5069 gestorum
1064 5012 1138 5056 certe
1156 5001 1280 5057 dandum
1299 5015 1338 5058 est
1360 5005 1483 5077 aliquid,
1498 5025 1587 5078 quum
1610 5009 1639 5062 in
1663 5015 1845 5072 nominandis

244 5075 320 5131 titiis
340 5081 461 5164 allonio
482 5099 504 5136 s.
524 5101 551 5140 v.
568 5083 716 5136 Picumnus
729 5084 831 5155 citatis,
847 5101 919 5156 quos
932 5088 1019 5156 possis
1062 5088 1190 5160 pluribus
1220 5091 1357 5146 historicis
1387 5081 1491 5147 reiteres
1519 5104 1678 5168 temporum
1710 5100 1843 5158 ordinem
