3972 5728
837 329 1086 390 FRAGMENTA.
1704 347 1759 397 τοι

161 463 253 532 μναῖον
265 443 302 519 οῖς
315 453 346 511 ἂν
365 452 501 525 ἐπιύάλοε,
514 455 543 512 οὗ
556 452 624 512 κατὰ
637 455 688 512 τῶν
700 455 837 534 ὁμοφύλων
850 454 937 530 μόνον,
983 467 1073 514 Natura
1081 465 1248 517 industriusad
1256 468 1332 520 cassies
1340 481 1425 519 eorum
1434 483 1497 533 quos
1505 471 1643 555 impeiemb
1654 485 1701 521 non
1711 475 1762 521 tan-

161 540 286 602 ἀλλὰκαὶ
298 539 323 598 εί
334 563 359 598 τι
374 544 400 599 ἓν
413 539 567 620 stirpitus<
576 539 676 621 ἐφρόνει
685 541 819 618 πολέμων·
831 542 936 601 Βῑόδῑθ·
983 566 1035 614 tum
1044 561 1064 608 si
1071 559 1129 622 quid
1138 559 1224 611 hostile
1233 561 1390 614 meditaretur
1396 567 1480 614 contra
1488 565 1680 628 populares,sed
1689 567 1762 618 eiiam

160 629 243 700 θήκην
268 626 356 704 μίντοι
379 626 576 685 κατασκευάσαι
608 627 660 707 πρὸ
687 630 740 686 τῶν
767 626 868 699 άλλων,
895 627 937 694 αθς

160 713 306 792 ἡτυραννῖς
316 712 447 782 ἀπέδειξεν
461 714 643 790 ὀνομάζεσθαι.
687 714 719 793 (a)
735 717 835 774 Τοῦτον
845 715 872 773 δὲ
881 717 937 774 ἐπι·

160 801 256 868 tosti<
268 801 315 878 μὲν
326 801 425 868 πολλθις
438 801 564 866 πολλάκις
577 799 620 860 δεδι
640 799 671 860 τθ
682 801 817 881 μιαιφόνον
829 802 874 860 καί
890 825 938 878 μι-

161 892 313 970 σάνθρωπον
323 888 369 947 καί
380 888 527 966 θόριστικδν
539 892 597 946 κατ’
608 890 687 948 αὐτοῦ
699 889 831 956 συστάσας
845 890 936 964 διαφυ-

160 986 226 1054 γεῖν,
238 973 285 1054 ὀψὲ
299 973 325 1034 δὲ
338 975 383 1033 καλ
394 975 469 1052 μόλις
478 975 528 1034 ὑπὸ
542 974 642 1042 Χῖωνος
650 981 695 1034 τοῦ
706 975 834 1054 Μάτριος,
846 975 937 1055 ἀνδρὸς

162 1062 355 1142 μεγαλόφρονος
368 1062 414 1120 καί
433 1062 569 1122 κοινωνίαν
581 1062 646 1138 πρὸς
660 1063 737 1122 αὐτὸν
752 1063 799 1134 τήν
810 1063 836 1132 ἐξ
854 1062 937 1141 alpo-

149 1174 203 1217 ,τος
214 1149 330 1228 ἔχοντος,
340 1148 385 1207 καί
397 1148 507 1217 Λέοντος
516 1149 561 1208 καί
570 1149 716 1218 Εὗξίνωνος
725 1149 770 1208 καλ
782 1150 876 1229 ίτίρων
890 1153 937 1210 οὐκ

160 1237 254 1316 ὀλίγων
275 1241 481 1307 σνσκευασθῆναι
500 1237 603 1314 πληγὴν
623 1236 727 1316 καιρίαν
747 1241 874 1313 ἐνεγκεῖν,
893 1238 938 1298 καί

160 1327 317 1394 τελευτῆσαι
330 1327 429 1404 πικρῶς
440 1324 492 1382 ἀπὸ
503 1329 549 1383 τοῦ
560 1322 718 1405 τραύματος.
735 1325 769 1402 (ι)
784 1324 877 1384 'titus
891 1324 937 1400 pis

161 1409 212 1490 γὰρ
223 1410 355 1485 δημοτελῆ
366 1409 455 1466 θυσίαν
465 1413 479 1467 θ
489 1409 624 1488 τύραννος·
634 1411 698 1470 obii
705 1411 765 1490 περί
775 1411 818 1470 τὸν
831 1411 936 1484 Χίωνα,

161 1497 306 1568 ἐπιτήδειον
327 1487 393 1554 εἶναι
407 1496 450 1556 τὸν
464 1496 553 1577 καιρὸν
567 1503 600 1578 τῇ
616 1497 708 1578 πράξει
722 1496 888 1576 νομίσαντες,
905 1503 938 1577 τῇ

161 1590 208 1643 τοῖν
222 1584 322 1650 Χίωνος
334 1582 403 1662 χειρὶ
416 1583 446 1642 rb
457 1583 525 1664 ξίφος
535 1584 577 1644 διὰ
589 1588 640 1644 τῶν
653 1590 699 1644 τοῦ
711 1591 798 1644 κοινοῦ
811 1584 938 1662 πολεμίου

160 1673 278 1750 λαγόνων
293 1669 456 1732 ἐλαύνουσιν.
470 1670 504 1732 Ὁ
516 1672 560 1746 δὲ,
573 1673 675 1732 πολλῶν
691 1672 768 1732 αὐτὸν
781 1673 826 1732 καλ
840 1677 938 1752 πικρῶν

162 1757 314 1836 ἀλγηδόνων
338 1747 555 1830 κατατεινόντων,
576 1758 622 1817 καλ
642 1757 769 1818 τοσούτων
794 1759 938 1838 φασμάτων

162 1842 386 1922 ἐκδειματούντων
402 1843 512 1924 (εἴδωλα
527 1844 554 1903 δὲ
568 1844 602 1903 sd
613 1845 740 1925 φάσματα
753 1839 784 1918 ἦν
798 1837 833 1904 ῶν
847 1849 940 1913 ἐκεῖνος

162 1930 304 2012 μιαιφόνοις
316 1929 467 2009 ἀνῃρήκει),
480 1930 547 1990 οθτω
561 1933 707 2011 δευτεραῖος
723 1931 765 1990 τὸν
785 1931 839 2010 βίον
858 1931 939 1991 κατά-

163 2022 274 2097 στρεψε,
286 2016 365 2088 ζήσας
373 2016 421 2094 μὲν
435 2018 480 2090 ἔτη
493 2018 519 2088 η’
529 2017 573 2076 καὶ
586 2019 621 2092 ν’,
635 2020 732 2077 τούτων
741 2018 768 2078 δὲ
780 2018 940 2098 τυραννήσας

162 2104 326 2164 δυοκαίδεκα.
349 2107 378 2181 (ο)
395 2093 476 2182 iti-sss
495 2104 584 2176 δὲτὴν
600 2108 709 2184 Περσῶν
723 2104 807 2184 ἀρχήν
819 2104 938 2184 Ἀρταξί-

164 2192 226 2273 ρξης
237 2191 308 2264 τότε,
321 2182 377 2250 εἶτα
391 2171 532 2270 καλάίλχος
551 2191 670 2262 δταύτην
682 2196 712 2251 ἐκ
726 2191 826 2270 πατρὸς
837 2191 939 2259 ἐκδεξά-

163 2302 251 2357 μενος·
262 2279 326 2357 πρθς
338 2276 382 2345 οθς
393 2279 438 2338 καλ
450 2279 577 2344 πολλάκις
593 2277 631 2338 ἔτι
644 2281 692 2346 ζῶν
707 2282 721 2337 δ
742 2278 877 2356 Κλέαρχος
890 2279 940 2335 διε·

162 2364 353 2446 πρεσόεύσατο.
378 2367 412 2426 Oi
427 2363 545 2443 μέντοιγε
567 2366 725 2444 ἀνῃρηκότες
743 2366 787 2424 τδν
806 2365 939 2442 τύραννον,

163 2451 258 2532 μικροῦ
280 2451 375 2518 πάντες
389 2455 413 2510 ol
433 2451 480 2528 μίν
502 2452 553 2511 ὑπὸ
566 2455 616 2510 τῶν
633 2451 864 2532 σωματοφυλάκων
882 2453 941 2509 κατ’

162 2542 241 2600 αὐτόν
255 2539 299 2598 τόν
310 2543 356 2609 τῆς
369 2538 505 2605 ίπιθίσεως
517 2539 617 2616 καιρὸν,
628 2541 675 2598 οὐκ
690 2542 800 2617 ἀγεννῶς
815 2537 940 2614 ἀνδρισά-

163 2651 253 2704 μενοι,
276 2625 470 2698 κατεκόπησαν,
486 2628 510 2684 οί
524 2624 552 2684 δὲ
571 2625 616 2684 καῖ
636 2625 741 2705 ύστερτν
755 2623 942 2704 συλληφθέντες

161 2715 208 2774 καὶ
218 2720 323 2791 πικραῖς
334 2711 471 2790 τιμωρίαις
481 2711 718 2791 ἐγκαρτερήσαντες
727 2710 900 2790 ἀνῃρέθησαν.

202 2803 241 2862 ll.
262 2799 379 2878 Σάτυρος
395 2797 422 2858 δέ
437 2803 506 2858 broi
516 2799 641 2880 τυράννου
658 2788 825 2877 άδελφθς,οῖα
840 2795 872 2866 δή
884 2798 941 2855 ἐπί·

160 2909 256 2967 τροπος
267 2885 447 2967 καταλειφθείς
460 2889 512 2944 τῶν
533 2885 634 2942 παίδων
648 2881 778 2960 Τιμοθέου
793 2882 838 2942 καλ
850 2887 942 2942 Διονυ-

161 2973 230 3046 σίου,
238 2972 287 3044 τλν
296 2971 381 3051 ἀρχὴν
392 2969 563 3050 ὑποδέχεται·
575 2969 601 3038 δς
614 2971 731 3048 ὠμότητι
742 2969 788 3046 μίν
798 2972 827 3028 οὐ
840 2968 941 3048 Κλέαρ-

160 3083 221 3140 χον,
236 3057 304 3120 eiiii
313 3058 359 3118 καλ
373 3057 473 3125 πάντας
480 3057 618 3138 τυράννους
625 3056 794 3138 ίιπερέόαλιν.
811 3059 851 3117 oi
864 3055 941 3131 μόνον

160 3148 212 3228 γάρ
231 3147 289 3214 τοὺς
309 3144 557 3212 ίπιόεόουλιυκότας
568 3148 605 3226 τῷ
618 3146 722 3224 ἀδελφῷ
747 3143 941 3222 ἐτιμωρήσατο,

161 3234 287 3294 citimi
298 3237 348 3292 τῶν
363 3233 460 3306 τίηνων
474 3231 491 3290 θ
504 3231 584 3304 μηδὲν
601 3231 707 3310 συνῄδει
720 3232 772 3297 τοῖς
783 3253 941 3308 γεγεννηκο-

161 3344 213 3394 σιν,
228 3319 300 3380 οὐδὲν
316 3320 481 3398 ἀνεκτότερον
496 3318 660 3396 ἐδηλήσατο,
678 3318 723 3376 καί
737 3316 849 3384 πολλοὺς
864 3321 941 3375 ἐναι-

983 653 1008 700 λα
1025 654 1127 702 erteros.
1143 654 1315 706 itibiiotbeoam
1331 659 1412 708 boren
1428 661 1591 722 compararit,
1608 659 1676 722 cuius
1693 661 1763 710 iaurde

982 746 1144 808 antegreditur
1155 747 1215 797 alios
1227 763 1289 811 quos
1300 751 1408 812 tyrannis
1420 753 1522 803 famosos
1540 753 1650 803 reddidit.
1665 755 1699 817 (3)
1717 755 1763 805 iiic

984 839 1080 890 insidias
1101 841 1185 891 crebro
1208 845 1297 894 multas
1310 849 1406 908 propter
1424 847 1515 908 cedes,
1540 848 1715 899 immanitatem
1738 853 1763 899 ci

982 935 1081 998 injurias
1090 939 1250 990 sibisiruciss
1259 940 1357 1003 elingit
1372 941 1413 992 sed
1427 943 1468 992 rix
1483 944 1580 994 tandem
1590 944 1702 998 sehioue
1711 948 1762 996 bla-

983 1033 1083 1084 irtstilio
1096 1036 1105 1098 (
1119 1035 1156 1084 rir
1169 1037 1220 1085 erat
1230 1037 1395 1098 magnanimus
1412 1039 1437 1088 ei
1456 1038 1632 1089 necessitudine
1642 1041 1763 1102 sanguinis

984 1125 1088 1188 tyranno
1108 1125 1251 1188 devinctus)
1262 1129 1287 1176 et
1302 1130 1379 1178 Leone
1392 1129 1418 1176 et
1435 1131 1564 1178 Euxenone
1575 1121 1705 1192 ceterisque
1714 1143 1762 1180 non

982 1216 1077 1278 paucis,
1095 1217 1260 1278 conjuratione
1279 1217 1351 1280 inita,
1373 1219 1460 1268 vuinus
1473 1219 1544 1268 letale
1563 1220 1655 1282 accepit
1671 1235 1677 1268 :
1694 1221 1763 1282 cuius

983 1305 1066 1356 dolore
1087 1305 1241 1356 acerbissimo
1263 1309 1301 1358 est
1316 1309 1458 1358 exstinctus.
1491 1309 1525 1371 (i)
1547 1312 1682 1360 commune
1699 1313 1763 1361 enim

983 1396 1064 1460 popuii
1074 1409 1168 1446 sacrum
1179 1397 1265 1458 agebat
1280 1399 1404 1459 tyrannus.
1422 1401 1589 1461 opportunam
1610 1401 1683 1464 igitur
1694 1415 1763 1452 occs-

984 1486 1076 1536 sionem
1090 1499 1117 1536 se
1136 1486 1237 1550 adeptos
1254 1488 1301 1536 rati
1317 1487 1359 1550 qui
1375 1501 1431 1537 cum
1444 1489 1537 1539 cbione
1555 1491 1762 1553 conspiraverant,

984 1589 1057 1626 mma
1066 1577 1164 1628 ebionis
1172 1590 1254 1628 ensem
1266 1579 1333 1628 trans
1343 1578 1384 1628 ilia
1393 1580 1528 1628 communis
1537 1581 1619 1642 patric
1628 1581 1702 1632 bostis
1711 1583 1763 1634 adi·

984 1669 1050 1730 guni.
1069 1668 1117 1726 Qui
1135 1668 1198 1718 inter
1210 1668 1334 1718 multoset
1346 1668 1489 1718 sevissimos
1497 1670 1620 1720 cruciatus
1631 1671 1706 1734 magis
1714 1686 1764 1722 ma·

983 1753 1066 1816 μῖεηυυ
1075 1754 1280 1816 ingravescentes,
1293 1756 1317 1804 ei
1327 1757 1553 1818 paroresaspeeiris
1563 1757 1670 1809 incussos
1679 1760 1764 1821 (erant

984 1841 1066 1890 autem
1077 1842 1206 1892 simulacra
1213 1855 1307 1904 eorum,
1317 1856 1379 1905 quos
1388 1843 1509 1894 crudelem
1521 1844 1545 1894 in
1554 1845 1654 1896 modum
1661 1859 1764 1899 necere·

985 1929 1023 1978 rat
1031 1929 1051 1990 ),
1061 1928 1136 1978 altero
1144 1929 1183 1978 dic
1192 1932 1246 1992 post
1257 1931 1332 1980 vitam
1343 1943 1400 1980 curn
1412 1933 1490 1981 morte
1499 1934 1659 1983 commutarit
1670 1954 1676 1984 ε
1687 1948 1764 1997 qurnn

984 2016 1042 2066 rite
1049 2029 1125 2066 annuos
1131 2017 1246 2078 exegisset
1251 2017 1494 2080 quinquagintsocto,
1502 2021 1527 2070 ei
1538 2021 1687 2082 tyrannidem
1695 2035 1765 2072 cocu·

986 2105 1064 2166 posset
1085 2116 1127 2166 per
1146 2117 1222 2154 annos
1239 2103 1374 2154 duodecim.
1390 2106 1425 2166 (ε)
1438 2106 1507 2168 Apud
1524 2109 1607 2158 Persas
1618 2111 1678 2158 tunc
1691 2123 1765 2170 regno

985 2193 1088 2253 praeerat
1098 2192 1257 2252 edenenas,
1269 2193 1294 2242 et
1311 2192 1398 2242 exinde
1415 2193 1512 2255 ochus,
1527 2195 1601 2256 patris
1621 2195 1646 2244 in
1664 2195 1764 2257 imperio

986 2278 1230 2342 successorssdquos
1245 2291 1409 2341 sepenumero
1426 2280 1573 2341 Clearchus,
1589 2282 1648 2331 dum
1669 2283 1692 2330 in
1704 2283 1766 2332 viris

986 2367 1051 2426 erat,
1065 2365 1155 2427 legatae
1171 2366 1243 2414 misit.
1260 2365 1309 2423 Qui
1320 2379 1378 2418 vero
1393 2367 1460 2416 necis
1470 2369 1581 2418 auctores
1597 2371 1699 2430 tyranno
1711 2369 1764 2420 lue-

988 2454 1056 2514 rant,
1075 2465 1150 2514 prope
1166 2465 1265 2514 omnes,
1287 2455 1376 2516 partim
1389 2467 1404 2504 a
1417 2454 1594 2505 satellitibusin
1604 2455 1654 2518 ipso
1672 2469 1765 2518 aggres-

986 2540 1059 2590 sionis
1076 2539 1190 2598 ariicuio,
1209 2539 1251 2590 obi
1267 2543 1378 2591 strenuos
1393 2555 1419 2592 se
1438 2541 1502 2592 viros
1514 2541 1641 2604 gerebant,
1663 2544 1765 2604 concisi,

987 2627 1074 2689 partim
1086 2627 1209 2690 aliquanto
1222 2630 1276 2690 post
1294 2629 1358 2690 capti
1375 2631 1400 2678 et
1419 2629 1541 2680 abusibus
1558 2630 1694 2692 suppliciis,
1711 2643 1766 2699 quaa

987 2713 1080 2764 iortiter
1089 2716 1223 2764 tolerarunt
1233 2751 1241 2774 ,
1253 2715 1334 2766 atiecii
1345 2715 1488 2766 occubuere.

1018 2805 1049 2852 il.
1066 2803 1166 2865 satyrus
1185 2804 1267 2852 eutem
1291 2803 1388 2864 tyranni
1407 2816 1535 2865 germanus
1552 2807 1577 2853 et
1594 2806 1661 2854 tutor
1680 2817 1765 2867 puero·

986 2911 1040 2948 nrm
1051 2901 1170 2951 Timothei
1184 2901 1208 2950 ei
1221 2901 1326 2964 Dionysii
1336 2901 1434 2951 reiictm
1444 2901 1571 2964 imperium
1590 2905 1687 2966 suscipit
1701 2919 1709 2954 ε
1723 2907 1766 2970 qui

987 3015 1036 3051 non
1044 3001 1188 3052 clearchum
1199 2999 1361 3062 solummodo,
1377 3015 1463 3050 serum
1479 3005 1579 3052 cunctos
1597 3002 1669 3052 etiam
1682 3005 1765 3065 tyran-

987 3115 1031 3152 nos
1043 3102 1323 3164 crudelitatesuperarit.
1338 3105 1392 3152 iton
1402 3105 1465 3150 enim
1483 3101 1513 3150 de
1530 3100 1709 3150 insidiatoribus
1718 3101 1766 3153 trs·

987 3203 1030 3250 tris
1038 3203 1131 3250 lentim
1141 3199 1271 3250 vindictam
1282 3201 1396 3264 sumpsit,
1406 3199 1528 3250 sedetiam
1538 3200 1562 3248 in
1572 3201 1660 3252 liberos
1672 3213 1766 3260 eorrrm,

986 3315 1063 3364 quum
1074 3303 1108 3352 ret
1118 3305 1259 3366 perpetrate
1268 3303 1357 3353 conscii
1367 3317 1416 3354 non
1425 3304 1503 3352 esseni
1510 3339 1518 3364 ,
1525 3315 1574 3352 non
1584 3304 1663 3353 minus
1674 3305 1765 3368 saeriii,

161 3410 230 3476 ,(,ης
241 3407 392 3486 Μύρρα),
414 3406 486 3472 δίχα,
501 3405 633 3484 sapim&
691 3407 725 3483 (ς)
741 3409 840 3466 Τοῦτο,
855 3404 883 3462 δὲ
897 3403 941 3462 καὶ
987 3401 1061 3462 atque
1071 3399 1105 3450 its
1124 3401 1234 3452 amititia
1249 3400 1383 3452 insontibus
1401 3401 1566 3450 mstedconm
1578 3413 1660 3463 poeuas
1678 3403 1764 3464 eregit.

162 3495 326 3572 μαθημάτων
351 3497 403 3552 τῶν
421 3516 448 3552 τε
462 3492 532 3552 κατὰ
548 3491 700 3573 φιλοσοφίαν
722 3490 767 3550 καλ
780 3493 831 3549 τῶν
847 3489 942 3556 παντὸς
987 3497 1020 3560 (t)
1037 3498 1092 3548 Fuit
1111 3497 1150 3546 bic
1158 3498 1238 3548 omnis
1247 3497 1363 3548 doctrines
1374 3497 1545 3560 phttcsopntcac
1558 3499 1583 3546 et
1593 3498 1682 3547 artium
1700 3499 1765 3560 inge-

162 3581 306 3658 ίλενθερίου
327 3580 408 3640 ἄλλου
435 3581 569 3646 παντελῶς
602 3577 714 3653 ὑπάρξαι
751 3575 941 3656 άπαράδικτον,
987 3613 1089 3649 „mmm
1100 3598 1310 3660 omnpmexpffl,
1326 3596 1591 3658 yngeffiopdwpppflm
1603 3599 1766 3659 mmmm,

161 3669 208 3728 καὶ
226 3673 284 3727 νοῶν
311 3667 338 3726 δδ
361 3667 424 3746 πρὸς
451 3665 498 3734 τδις
525 3665 672 3746 μιαιφονίας
698 3663 775 3738 μόνον
802 3663 941 3743 ὀξύρροπον

163 3755 258 3835 ἔχοντα
273 3753 453 3835 φιλάνθρωπον
473 3752 554 3830 μηδὲν
567 3751 633 3829 μηδὲ
655 3751 752 3830 ήμερον
767 3749 833 3828 μήτε
850 3751 942 3826 μαθεῖν

161 3845 284 3913 ἐθελῆσαι
299 3840 366 3918 μήτε
375 3840 618 3919 φῦναιέπιτήδειον.
661 3837 740 3899 Ἀλλὰ
753 3837 840 3894 πάντα
853 3837 899 3913 μὲν
910 3827 942 3908 ἦν

162 3922 236 3995 οὗτος
249 3927 389 3998 κάκιστος,
404 3928 427 3984 el
441 3927 486 3985 καλ
496 3925 587 4005 χρόνος
597 3928 667 4006 αὐτῷ
686 3927 761 4004 κόρον
779 3924 870 3982 λαθεῖν
891 3927 942 3982 τῶν

162 4016 294 4097 ἐμφυλίων
306 4014 425 4090 αἱμάτων
436 4013 481 4072 καὶ
489 4018 535 4084 τῆς
545 4013 693 4088 μιαιφονίας
700 4010 846 4078 θπεξέλυεν·
861 4010 905 4068 ἐπί
915 4010 942 4068 δὲ

160 4109 197 4182 τῇ
213 4101 367 4184 φιλαδελφία
379 4101 520 4180 τὸπρῶτον
534 4099 671 4178 ἠνέγκατο.
717 4099 749 4174 (ε)
765 4096 822 4170 Τὴν
835 4097 885 4176 γὰρ
895 4121 943 4175 αρ-

161 4190 213 4271 χὴν
227 4191 278 4256 τοῖς
299 4196 344 4249 τοῦ
359 4191 470 4268 ἀδελφοῦ
487 4186 576 4246 παισίν
592 4185 785 4264 ἀνεπηρέαστον
807 4189 941 4262 συντηρῶν

164 4279 209 4338 ἐπλ
229 4283 348 4336 τοσοῦτον
367 4281 413 4347 τῆς
427 4279 512 4334 αὐτῶν
525 4273 681 4348 κηδεμονίας
694 4273 769 4348 λόγον
786 4271 891 4343 ἐτίθετο,
907 4275 942 4338 ὡς

986 3707 1067 3756 penso.
1077 3693 1127 3742 liec
1145 3691 1258 3740 uoluntas
1274 3687 1359 3740 eierat
1377 3689 1509 3738 humanm
1520 3688 1645 3751 aliquidet
1656 3689 1766 3739 modera-
1802 3689 1806 3696 '

987 3793 1039 3840 tum
1050 3787 1170 3850 discendi,
1182 3801 1227 3840 nec
1239 3799 1253 3836 a
1263 3787 1349 3837 natura
1362 3785 1438 3835 indita
1446 3785 1548 3835 incultas
1558 3803 1564 3834 ι
1576 3785 1617 3834 sed
1631 3799 1673 3848 per
1686 3785 1767 3835 omnia

987 3885 1038 3933 erui
1049 3883 1177 3945 pessimus,
1187 3879 1279 3932 etiamsi
1289 3871 1384 3943 tempus
1393 3879 1470 3942 ipsum
1482 3878 1624 3940 infringebat
1633 3879 1766 3942 bominem,

988 3981 1016 4029 ul
1034 3979 1111 4028 ciuilis
1132 3977 1229 4028 mndcm
1242 3977 1363 4040 sanguinis
1380 3977 1405 4026 et
1424 3975 1497 4026 cadis
1514 3987 1570 4024 eum
1589 3975 1686 4024 satietas
1697 3987 1767 4038 cape·

902 4100 910 4122 s
988 4073 1032 4121 ret.
1047 4071 1138 4120 Amoris
1155 4070 1252 4120 tandem
1265 4069 1362 4119 insterni
1377 4068 1466 4130 primas
1480 4067 1544 4117 tulit.
1567 4068 1601 4128 ii)
1614 4071 1675 4118 tiam
1685 4069 1713 4117 ut
1724 4067 1765 4118 do·

989 4168 1106 4216 minatum
1116 4166 1243 4228 nepotibus
1253 4177 1285 4214 ex
1294 4166 1367 4214 tratre
1376 4164 1494 4226 integrum
1501 4165 1533 4212 ab
1543 4163 1633 4224 iniuriis
1642 4177 1766 4214 conserva·

988 4261 1024 4308 ret
1032 4297 1039 4320 ,
1048 4259 1108 4308 adeo
1116 4257 1213 4307 iliorum
1224 4256 1340 4306 rationem
1351 4255 1448 4316 babuit,
1460 4258 1497 4318 ut,
1507 4257 1564 4306 licet
1575 4255 1695 4318 conjugali
1702 4269 1765 4304 uxo·

162 4365 209 4424 καὶ
222 4365 324 4442 γυναικὶ
341 4363 434 4435 συνὼν,
446 4360 627 4421 xsiw'uiisv
640 4357 811 4438 στεργομένη,
826 4358 863 4434 μὴ
881 4360 942 4416 (να.
988 4356 1036 4417 ris,
1052 4367 1124 4416 quma
1143 4353 1213 4404 unire
1225 4353 1337 4413 amabat,
1354 4352 1527 4402 consuetudine
1544 4353 1662 4412 uteretur,
1679 4352 1766 4402 liberos

162 4453 486 4531 σχίσθαιπαιδοποιῆοαι,
500 4449 568 4507 ἀλλὰ
583 4451 690 4526 μηχανῇ
703 4447 776 4525 πόση
790 4450 867 4524 γονῆς
881 4445 941 4504 crc'-
987 4453 1068 4499 iernen
1077 4461 1105 4497 επ
1118 4461 1146 4497 ea
1156 4459 1281 4510 procreare
1290 4446 1378 4508 nollet,
1387 4445 1430 4496 sed
1440 4447 1507 4495 omni
1519 4449 1570 4496 arte
1582 4445 1645 4495 itanc
1655 4445 1765 4495 orbitatis

176 4570 1758 4595 Ν

162 4641 223 4684 -2
233 4633 352 4698 turbatior]
360 4637 389 4683 Η.
396 4634 509 4695 Stephon.
519 4633 585 4693 ςΙῖλιιῖ
591 4625 977 4690 ἐπιδάλοιεν.-εῖτιάλλοφ.]ιιυιιε
986 4625 1006 4674 εί
1012 4643 1055 4674 τινι
1062 4625 1086 4672 ἐν
1092 4625 1133 4673 διδ
1143 4623 1231 4674 Orelli.
1239 4625 1259 4672 cl
1266 4639 1325 4672 τισιν
1334 4623 1431 4672 tri-s.
1440 4623 1479 4670 καί
1487 4621 1584 4684 ἐτίμων]
1592 4623 1765 4672 ulLennidaect

162 4705 279 4765 Auiitbei,
286 4717 348 4766 quos
356 4705 470 4753 Suidaset
478 4706 567 4753 lustin.
577 4703 594 4751 i.
602 4703 618 4751 l.
626 4703 738 4751 alienant.
746 4725 777 4736 -
786 4703 809 4749 i.
818 4700 931 4760 δημοτελῆ
941 4697 1022 4746 θυσίαν
1030 4695 1077 4758 (οε.
1089 4695 1215 4744 Διονυσίων
1222 4695 1304 4754 ὄντων,
1313 4693 1410 4744 Diodor.
1419 4695 1483 4754 liiii,
1494 4701 1532 4742 οο.
1543 4695 1579 4744 (il.
1589 4695 1687 4744 ebionis
1694 4695 1763 4756 epist.

162 4773 243 4822 ultim.
263 4797 294 4809 -
307 4772 462 4835 δυοκαίδεκα]
472 4774 511 4823 sio
525 4772 597 4822 etiem
611 4772 729 4822 Diodorus
739 4770 833 4819 obitum
843 4767 938 4831 tyranni
948 4777 1084 4814 memorans
1098 4765 1129 4814 ad
1147 4765 1185 4814 0l.
1201 4769 1259 4826 iod,
1272 4769 1285 4815 t
1296 4764 1347 4828 iffi
1359 4777 1374 4814 e
1385 4767 1414 4814 c.
1424 4763 1432 4824 J
1442 4799 1449 4824 ,
1460 4766 1602 4826 occupatam
1612 4764 1764 4826 tyrannidem

162 4841 192 4890 itrl
205 4842 244 4890 01.
257 4847 299 4890 tce
328 4848 337 4890 i
377 4843 398 4870 ‘⁴
418 4879 424 4890 .

195 4913 229 4968 ii,
242 4917 264 4959 t.
275 4843 460 4974 Σάλνρδίῗίῇιιε
471 4911 537 4960 nuile
548 4911 638 4960 mentio
655 4923 703 4972 sps
711 4909 842 4958 Diodorum
859 4908 867 4956 1
887 4909 920 4967 i.,
932 4907 972 4969 qui
986 4905 1073 4954 tutoris
1084 4903 1312 4954 administrationem
1329 4903 1354 4952 in
1364 4903 1432 4951 annis
1443 4905 1508 4966 regni
1524 4903 1642 4954 Tinrotliei
1654 4916 1763 4966 compre-

162 4978 254 5028 liendit.
265 4983 295 5026 V.
311 4979 453 5038 wesseling.
463 5009 491 5019 -
504 4985 525 5027 t.
536 4981 608 5028 tteot.
620 4977 706 5042 ἄλλου]
716 4980 747 5028 it.
760 4979 828 5026 ἄλλον
837 4978 907 5024 ἄλλου
918 4977 1027 5038 vulgata,
1037 4987 1065 5022 ex
1076 4973 1235 5035 dittograpbia
1245 4975 1329 5035 (ἄλλου
1340 4977 1365 5022 et
1373 4973 1475 5034 ἄλλων),
1485 4973 1509 5022 ni
1519 4973 1599 5034 iailor,
1614 4973 1762 5035 explicanda.

111 5043 120 5060 “
157 5048 291 5098 ›i’rsestabii
310 5048 365 5096 tort,
382 5049 455 5095 scrib.
474 5049 555 5096 ditos.
572 5074 602 5084 -
619 5049 683 5108 αὐτῷ
701 5048 769 5110 κόρον
783 5045 887 5108 λαθεῖν(
903 5047 960 5096 ilaec
979 5048 1099 5106 corrupta.
1121 5045 1194 5095 Orelli
1209 5045 1272 5106 ‹mni-
1291 5043 1368 5094 αὐτόν.
1382 5043 1459 5092 Possis
1478 5045 1542 5106 αὐτῷ
1559 5061 1583 5092 ιι.
1601 5043 1706 5094 ἐνίθαλλε
1725 5044 1763 5092 rei

166 5116 283 5178 ἐμὸαλών.
294 5144 323 5156 -
333 5122 356 5165 a.
369 5117 421 5173 κηδ.
435 5115 517 5176 λόγον]
525 5117 564 5164 τόν
573 5115 641 5176 λόγον
653 5116 717 5176 sung.
