3910 5728
786 335 1032 398 FRAGMENTA.

149 469 182 548 β’.
206 471 337 548 Περσῶν
350 469 377 526 is
394 471 446 534 τοῖς
460 467 636 546 Προπυλαίας
649 467 785 542 πινάκων,
800 470 836 528 ir.
853 468 882 528 6.

148 555 185 632 γ’.
208 553 358 636 Ἀναγριρή
374 558 425 646 τῶν
441 553 585 632 ίπωνιίμων
595 557 647 614 τῶν
658 552 750 631 δήμων
764 553 809 612 καί
828 575 884 633 ρυ-

111 643 179 718 λνῖν,
193 643 231 702 h.
247 663 354 715 7.··¹⁰·

148 733 182 794 δ’.
206 733 274 813 lirpt
284 737 331 804 τῆς
344 735 414 812 ίερθς
424 733 482 790 δδοῦ
495 731 606 811 βιὸλίον.

287 853 317 912 b.
339 855 485 926 Argolica,
504 851 541 912 ir.
560 853 685 912 rr-ri.

286 1011 313 1052 e.
336 994 491 1066 sicyontca.

148 1125 185 1190 ι’.
209 1127 277 1273 {lapi
289 1129 337 1200 ιῆς
353 1127 478 1220 Ποικίλης
492 1136 570 1196 στοᾶς
585 1131 631 1200 τῆς
651 1129 677 1186 ἰν
699 1129 832 1204 Σικυῶνι,
849 1131 884 1190 ir.

116 1225 204 1284 ri—t
231 1264 238 1277 .

149 1303 184 1384 β’.
209 1301 276 1384 [tupi
289 1305 340 1361 τῶν
355 1303 381 1362 ia
395 1303 507 1363 Σικυῶνι
521 1301 650 1388 πινάκωγ,
665 1305 698 1362 ίτ.
718 1305 841 1375 16-17.

290 1443 321 1504 d.
342 1445 489 1503 tamnen.

132 1571 186 1716 δὲ
208 1569 279 1648 Περὶ
302 1573 354 1629 τῶν
377 1571 403 1628 iu
431 1569 607 1648 Λακεδαίμονι
634 1569 824 1650 ἀναθημάτων,
850 1575 884 1630 ir.

118 1679 128 1714 ι
188 1678 238 1718 ao.

149 1743 184 1823 β’.
211 1743 278 1822 Περὶ
291 1745 343 1802 τῶν
358 1745 385 1804 h
399 1741 575 1822 Λακεδαίμων
587 1742 699 1804 πολεων.

287 1903 314 1944 e.
336 1887 452 1956 liliaco,
466 1887 502 1941 ir.
515 1885 639 1941 nr-ui.
676 1917 705 1974 ο

288 2001 309 2055 f.
332 1999 533 2070 Arcadicmir.
554 2007 601 2067 ul.

289 2131 318 2188 g.
339 2115 478 2184 Boeotica,
491 2113 527 2170 ir.
551 2113 600 2174 25.

150 2223 185 2285 τ’.
208 2225 278 2304 Περὶ
288 2227 341 2283 τῶν
356 2224 480 2296 Θήὸησιν
494 2225 671 2307 Ἡρακλείων,
685 2227 721 2286 ir.
738 2229 787 2286 αθ.

292 2365 322 2422 h.
345 2367 475 2424 Phocicu-

151 2503 187 2566 α’.
214 2503 322 2570 Κτίσεις
340 2507 393 2563 τῶν
412 2506 438 2563 ίν
453 2463 557 2565 Φωκίδι
578 2504 679 2564 πάλιων
702 2505 747 2564 καί
763 2505 823 2586 περὶ
843 2509 889 2578 τῆς

115 2591 173 2669 τρδε
185 2589 340 2662 Ἀθηναίους
351 2591 501 2670 συγγενείας
517 2593 613 2654 αὐτῶν.

150 2678 186 2758 β’.
211 2676 281 2758 Περί
293 2681 346 2736 τῶν
362 2679 509 2759 tenetque
523 2681 672 2762 θησαυρῶν,
686 2681 722 2738 fr.
735 2701 862 2756 ²7-29.

295 2821 315 2876 i.
337 2821 490 2892 Epirotica.

290 2945 328 3008 α’.
352 2945 418 3028 Περὶ
430 2945 574 3026 Δωδώνης,
593 2949 628 3006 ir.
641 2949 678 3006 30

136 3123 162 3164 a.
180 3113 374 3166 ΙῙΙΡῙΠΓΕΣῙΣ
395 3115 482 3164 thtot·
496 3107 522 3163 ίν
538 3104 610 3186 βι6λ.
625 3105 667 3185 γ’,
688 3107 724 3164 fr.
743 3109 869 3165 31-‹3'i.

144 3215 169 3272 i.
191 3237 231 3274 ns
251 3235 375 3274 nunus
395 3235 540 3290 ronrsms,
560 3237 598 3274 ns
619 3237 717 3290 canis,
738 3238 849 3276 insonis

153 3329 189 3388 α’.
209 3326 320 3393 Κτίσεις
338 3329 389 3385 τῶν
400 3329 427 3386 δν
441 3327 534 3407 Πάντιρ
547 3327 657 3390 πολεων.

154 3413 188 3492 β’.
210 3418 329 3484 Carica,
349 3415 386 3475 ir.
399 3415 455 3485 tt,
469 3415 517 3475 35.

160 3503 196 3578 γ.
217 3501 291 3580 ssepi
302 3499 491 3582 Σαμοθρᾴκης,
502 3503 536 3560 fr.
551 3502 598 3566 36.
633 3491 639 3502 ⁵

204 3623 233 3683 Ι..
255 3635 297 3672 ιι
316 3633 496 3674 οινιτιτιιιιιο
516 3637 613 3674 ττιιιπ
632 3638 669 3675 rr
689 3638 804 3676 srcrmn.

153 3729 186 3787 α’.
207 3727 322 3795 Κτίσεις
341 3727 477 3789 Ἰταλικῶν
491 3727 537 3788 καί
553 3731 712 3804 Σικελικῶν,
731 3733 764 3790 ir.
783 3733 831 3808 37,
847 3731 894 3791 38.

418 3889 577 3914 ’⁴000'-

351 4001 389 4063 ll.
414 4001 664 4065 sortiuntur.

154 4145 174 4188 ε.
197 4126 242 4188 'l'd
262 4127 329 4207 πρὸς
344 4127 474 4208 Τίμαιον,
493 4134 544 4193 lib.
554 4135 625 4190 min.
644 4135 717 4210 XII,
731 4135 767 4191 ir.
785 4135 893 4209 39-46.

152 4233 175 4270 ²·
199 4213 271 4294 filil
291 4219 340 4286 ἧς
363 4214 498 4288 Ἀθήνησιν
518 4218 719 4299 Ἐρατοσθένους
741 4221 895 4296 ἐπιδημίας,

118 4301 165 4356 itt.
177 4305 250 4363 nin.
265 4307 311 4378 11,
323 4304 360 4364 ir.
373 4303 500 4376 ηρ-ὅα.

153 4407 177 4448 a.
202 4388 276 4469 tlpie
292 4389 411 4462 Νεάνθην
426 4389 600 4474 δντιγραφσί,
615 4395 650 4453 fr.
665 4394 711 4451 53.

153 4495 174 4534 ε.
187 4480 328 4533 Admrur
343 4481 459 4548 Isoum,
478 4481 512 4538 fr.
526 4479 575 4549 54,
588 4479 638 4540 55.

968 488 991 526 ν.
1015 466 1085 546 Πρὸς
1097 465 1300 545 Ἀλείανδρίδην,
1311 469 1347 528 ίτ.
1359 469 1396 526 86
1407 491 1431 528 a.

968 576 989 613 ε.
1012 553 1078 632 Περί
1090 553 1187 621 ἀδόξων
1201 554 1345 631 ὀνομάτων,
1360 556 1397 614 ίτ.
1412 557 1460 626 87.
1479 556 1528 614 88.

1040 694 1086 748 lv.
1108 691 1442 748 COMMENTATIONES
1463 693 1597 750 vattlAE.

972 821 991 860 t·
1014 802 1080 881 Πιρί
1091 807 1142 862 τῶν
1156 803 1225 861 κατὰ
1233 803 1321 869 πόλεις
1331 804 1548 883 ἐπιγραμμάτων,
1563 806 1596 863 ίτ.
1608 809 1707 883 79,80.

971 908 995 950 a.
1020 888 1086 968 ssepl
1102 891 1239 964 ποταμῶν.
1257 889 1324 967 Περὶ
1337 892 1388 946 τῶν
1405 891 1432 946 iv
1451 889 1558 970 Σικιλίρ
1570 895 1706 968 ποταμῶν,

933 975 998 1054 Περὶ
1025 978 1076 1032 τῶν
1104 979 1129 1034 ἐν
1155 973 1264 1053 Σικιλίορ
1286 978 1489 1050 θαυμαζομίνων
1513 979 1646 1052 ποταμῶν,
1673 979 1707 1038 fr.

932 1063 1037 1122 81-83.

971 1170 995 1210 a.
1019 1149 1085 1231 Περὶ
1097 1149 1261 1227 θαυμασίων,
1276 1151 1313 1210 it.
1330 1151 1378 1218 84.

954 1257 993 1296 ·ε.
1014 1237 1083 1318 Περὶ
1092 1241 1142 1296 τῶν
1158 1239 1184 1296 la
1203 1235 1354 1316 Καρχηδόνι
1366 1236 1484 1308 πίπλων,
1498 1239 1535 1298 fr.
1549 1238 1600 1298 86.

971 1347 992 1384 ιι.
1017 1325 1083 1405 Πιρλ
1094 1331 1139 1384 τοῦ
1154 1321 1227 1405 παρὰ
1241 1327 1391 1404 Ξενοφῶντι
1405 1325 1565 1403 καννάθρου,
1579 1327 1615 1386 fr.
1632 1327 1678 1384 86.

971 1433 994 1472 ε.
1017 1411 1084 1490 Περὶ
1099 1417 1143 1470 τοῦ
1158 1411 1217 1478 Διὸς
1228 1410 1336 1491 κῳδίσυ,
1349 1413 1385 1470 ir.
1402 1413 1500 1483 8ρ,88.

972 1517 995 1560 7.
1019 1497 1085 1577 Περί
1099 1495 1207 1577 Ἄρτου,
1220 1499 1252 1555 ίτ.
1269 1498 1315 1572 89.
1538 1503 1545 1516 “

971 1607 993 1648 s.
1014 1589 1098 1644 Varia
1110 1589 1222 1642 incertae
1234 1586 1320 1659 sedis,
1336 1585 1371 1640 fr.
1386 1603 1510 1659 90-102.

969 1693 1047 1748 Inter
1061 1693 1156 1746 titulos
1168 1691 1256 1746 modo
1267 1692 1418 1746 recensitos
1433 1691 1492 1746 duo
1510 1693 1630 1748 maxime
1647 1704 1711 1748 sunt

931 1781 981 1852 qui
994 1781 1024 1834 in
1039 1779 1269 1852 disceptationem
1276 1779 1409 1833 veniant:
1424 1776 1584 1854 Περιήγησις
1596 1779 1709 1855 κοσμική

932 1877 960 1922 et
974 1863 1139 1927 Ἓλλαδικιίς.
1156 1867 1283 1920 Priorem
1297 1867 1409 1920 nonnisi
1427 1884 1442 1920 e
1458 1863 1546 1922 Suida
1563 1869 1710 1940 novimus,

932 1955 982 2026 qui
994 1964 1143 2026 postquam
1161 1953 1268 2026 singula
1285 1953 1413 2024 quaedam
1429 1954 1588 2008 Polemonis
1609 1957 1711 2028 scriptu

932 2043 1038 2108 attulit,
1053 2039 1167 2111 subjicit
1179 2059 1185 2094 ι
1203 2037 1257 2096 Καί
1269 2037 1336 2094 άλλα
1348 2038 1458 2095 πλεῖστοι
1476 2037 1623 2118 (ἔγραψε),
1639 2043 1666 2098 ἐν
1676 2032 1711 2106 οἷς

932 2127 978 2184 καί
992 2122 1129 2200 Κοσμικήν
1139 2123 1293 2204 περιήγησιν
1304 2123 1362 2195 ήτοι
1375 2125 1551 2204 γιωγραιρίαν.
1561 2131 1603 2183 De
1618 2129 1661 2184 his
1674 2131 1711 2186 ita

932 2215 1027 2269 statuit
1039 2214 1177 2268 Prellerns
1190 2231 1220 2286 p.
1238 2229 1275 2268 na
1290 2232 1297 2267 ι
1317 2237 1330 2262 ιι
1346 2212 1432 2284 Quod
1445 2212 1561 2267 additur
1573 2209 1631 2282 ήτοι
1644 2234 1713 2288 γεω-

933 2297 1054 2379 γραρίαν,
1067 2309 1144 2374 patet
1162 2301 1233 2354 nihil
1255 2317 1311 2355 esse
1325 2301 1378 2354 uisi
1391 2300 1526 2374 glossema
1540 2299 1647 2370 Suidae,
1663 2303 1712 2374 qui

934 2406 969 2442 ex
981 2405 1036 2444 suae
1057 2389 1143 2442 etatis
1155 2405 1236 2442 more
1257 2386 1444 2442 confunderet
1463 2382 1618 2463 περιήγησιν
1637 2389 1712 2442 anti-

934 2476 1061 2548 quarium
1069 2484 1097 2529 et
1104 2475 1331 2549 geographicam.
1341 2475 1413 2530 Nam
1424 2475 1482 2548 ipse
1489 2475 1606 2530 Polemo
1617 2493 1712 2548 quam·

935 2580 1019 2635 qunrn
1035 2563 1136 2617 multas
1148 2573 1235 2617 terres
1249 2562 1321 2616 obiit
1339 2562 1497 2633 multasque
1514 2571 1609 2635 gentes
1626 2561 1711 2630 vidit,

935 2661 1028 2706 tamen
1040 2649 1077 2704 ad
1091 2649 1274 2705 excolendam
1288 2649 1489 2723 geographiam
1502 2663 1561 2706 non
1571 2649 1634 2722 plus
1645 2667 1713 2704 con·

935 2739 1028 2792 tulisse
1037 2736 1152 2791 ridetur
1162 2753 1247 2808 quam
1259 2737 1307 2808 qui
1317 2745 1345 2790 et
1355 2737 1414 2810 ipse
1426 2735 1583 2809 periegesin
1593 2753 1713 2810 compo-

935 2826 1005 2892 suit,
1019 2825 1177 2879 Pausanias.
1192 2823 1368 2895 scripserunt
1380 2822 1421 2876 illi
1436 2821 1471 2876 de
1480 2819 1644 2878 fluminibus
1654 2825 1713 2878 sin-

935 2913 1020 2986 gulis,
1030 2911 1182 2976 montibus,
1189 2909 1322 2977 urbibus3
1334 2909 1534 2982 geographiam
1541 2919 1642 2980 tamen,
1653 2928 1714 2984 quae

935 2999 1052 3072 proprie
1070 2998 1234 3063 vocabatur,
1248 2997 1363 3050 minime
1376 2997 1536 3069 attigerunt.
1552 2995 1663 3052 Deinde
1675 2998 1714 3051 si-

936 3087 1032 3140 milem
1043 3085 1255 3156 usurpationem
1269 3081 1400 3153 adjectivi
1413 3079 1552 3155 κοσμικός,
1572 3093 1605 3138 ut
1620 3081 1715 3160 περιή-

936 3191 1012 3246 γησις
1030 3167 1143 3246 κοσμική
1159 3169 1270 3225 dicatur
1283 3169 1458 3237 universalis,
1471 3169 1604 3242 equidem
1623 3170 1716 3246 legere

937 3277 996 3314 non
1004 3257 1120 3313 memini
1128 3258 1181 3312 nisi
1191 3256 1268 3330 apud
1276 3257 1458 3328 Byzantinos,
1468 3257 1545 3310 velut
1554 3255 1630 3330 apud
1640 3259 1717 3313 Pho-

937 3347 1008 3400 tium
1019 3343 1093 3400 Bibl.
1105 3343 1169 3399 cod.
1182 3343 1220 3417 69
1231 3359 1238 3400 t
1252 3339 1410 3417 Ἀνιγνώσθη
1421 3361 1465 3415 μοι
1477 3337 1577 3417 βιὸλίον
1587 3342 1716 3420 ἱστορικὸν

939 3433 973 3496 ῶς
994 3431 1020 3488 ἐν
1045 3427 1150 3510 συνόψει
1170 3431 1298 3503 κοσμικῆς
1317 3425 1445 3505 ἱστορίας,
1470 3429 1484 3484 6
1507 3425 1533 3483 δὲ
1557 3427 1718 3510 συγγραριδς

939 3515 1065 3595 Ἧσιίχιος
1076 3519 1090 3574 6
1103 3513 1283 3593 Ἰλλοιίστριος.
1298 3518 1416 3590 Propter
1426 3517 1543 3584 similes,
1557 3517 1654 3587 credo,
1668 3537 1718 3575 ra-

939 3607 1029 3662 tiones
1047 3603 1211 3676 Bernhardy
1234 3603 1269 3658 ad
1294 3605 1411 3675 Dionys.
1437 3603 1546 3676 Perieg.
1571 3622 1602 3677 p.
1627 3603 1684 3679 5¹9
1708 3625 1716 3661 ε

943 3715 955 3742 ι
967 3693 1086 3747 Tantum
1097 3690 1184 3759 addo,
1195 3691 1297 3763 inquit,
1308 3689 1401 3745 Suidae
1413 3689 1534 3762 quadam
1546 3693 1716 3761 narratione,

940 3780 990 3852 qui
1004 3779 1146 3852 reliquisse
1160 3795 1224 3832 eum
1244 3773 1381 3849 ίίοσμικὴν
1396 3773 1551 3850 περιήγησιν
1571 3774 1629 3845 ήτοι
1648 3799 1718 3854 γεω-

940 3863 1053 3942 γραρίαν
1070 3865 1147 3920 nulla
1162 3865 1291 3937 proiecto
1306 3881 1371 3918 cum
1384 3861 1440 3918 fide
1459 3863 1602 3936 prodidit,
1620 3866 1719 3922 Ulter-

941 3963 1014 4022 tum,
1038 3951 1118 4024 quod
1143 3952 1267 4020 mireris,
1289 3951 1320 4004 in
1342 3967 1469 4004 errorem
1492 3967 1549 4006 esse
1572 3951 1718 4008 inductum

940 4041 1043 4114 Geogr.
1059 4039 1086 4107 1,
1108 4055 1134 4106 r,
1147 4055 1175 4111 p.
1193 4043 1258 4102 tir.
1281 4039 1403 4109 »Neque
1422 4047 1516 4092 tamen
1526 4055 1640 4111 prorsus
1649 4041 1719 4094 mihi

941 4126 977 4181 de
991 4127 1042 4181 hac
1053 4125 1234 4198 inscriptione
1246 4122 1452 4197 desperandum
1460 4123 1585 4198 ridetur,
1596 4125 1646 4180 sed
1657 4143 1715 4180 cre·

941 4212 1063 4267 diderim
1076 4211 1188 4266 subesse
1201 4212 1298 4279 aliam,
1313 4211 1391 4265 velut
1404 4227 1481 4278 eam,
1497 4229 1558 4283 quar
1577 4212 1720 4283 antiquio·
1736 4231 1745 4250 ·

941 4297 1019 4353 ribus
1026 4297 1102 4352 idem
1108 4295 1292 4371 significabat,
1300 4294 1457 4376 περιήγησιν
1464 4293 1624 4370 οἰκουμένης,
1633 4315 1718 4370 quarn

942 4385 979 4440 ad
991 4401 1048 4440 suae
1068 4387 1154 4440 eutis
1169 4403 1327 4440 sermonem
1342 4403 1432 4460 graece
1447 4382 1592 4438 refinxerit
1604 4383 1718 4458 Suidas,

837 4527 842 4538 ,
941 4472 1026 4526 latine
1040 4473 1071 4525 in
1085 4472 1140 4526 alio
1156 4474 1294 4546 scriptore
1305 4471 1432 4527 reddidit
1445 4471 1467 4524 is
1480 4471 1528 4542 qui
1540 4471 1650 4543 scripsit
1658 4473 1718 4526 Ex·

155 4581 179 4618 ς,
204 4562 278 4642 Πρὸ,
299 4561 399 4622 2303„
424 4565 470 4623 ,αἱ
493 4563 650 4644 ’mim’
674 4569 725 4628 lib,
748 4571 818 4626 min,
840 4569 895 4637 Vl,
937 4563 1101 4633 positionem
1111 4564 1190 4614 totius
1202 4559 1343 4614 mundiah
1361 4555 1537 4611 lludsonoin
1549 4557 1720 4632 Geographis

120 4649 152 4706 ν.
167 4651 274 4726 ταις.

365 4781 417 4842 ιιι.
435 4781 653 4845 Εῐιικιωλκι.
728 4823 734 4834 -

158 4911 177 4952 ι.
200 4893 273 4972 Πρδι
284 4893 411 4954 Ἄτταλον
422 4896 562 4968 ίπιστολή,
577 4899 613 4956 ir.
631 4919 733 4972 ριν-ρο.

156 4999 179 5036 r.
203 4979 278 5059 tiphe
294 4981 418 5062 Διθριλον
429 4981 490 5062 πιρί
503 4987 549 5042 τοῦ
561 4983 701 5064 Μορύχου,
714 4985 750 5044 ir.
765 4987 869 5059 73-75.

157 5084 178 5122 κ
199 5067 275 5148 tiphe
288 5068 431 5146 Ἀράνθιον,
446 5071 480 5127 ir.
497 5071 544 5128 86.

941 4645 1099 4700 minorihus
1114 4655 1182 4702 tom.
1199 4647 1242 4701 111
1255 4645 1368 4701 editam.
1383 4644 1464 4699 Certe
1482 4643 1589 4698 etiamsi
1603 4645 1719 4700 Polemo

942 4749 1002 4785 non
1015 4749 1113 4786 omnes
1125 4733 1204 4799 illos,
1221 4749 1292 4804 quos
1311 4731 1346 4785 ad
1360 4731 1480 4802 primam
1497 4729 1609 4785 classem
1621 4731 1719 4804 retuli,

942 4827 1074 4872 tractatus
1088 4835 1143 4871 una
1156 4816 1310 4889 eademque
1321 4816 1447 4870 editione
1458 4815 1644 4889 publicaverit
1662 4815 1722 4890 (se-

942 4905 1060 4978 paratim
1076 4903 1167 4958 editos
1180 4905 1301 4958 maxime
1312 4919 1360 4958 eos
1374 4903 1490 4971 dixeris,
1503 4904 1552 4974 qui
1561 4903 1667 4958 habent
1678 4903 1721 4957 di·

943 4992 1078 5045 visionem
1090 4990 1245 5062 librorum‚
1257 4990 1335 5044 seint
1348 4999 1483 5062 quattuor
1497 4989 1584 5042 libros
1599 4985 1664 5064 Περὶ
1676 4989 1722 5053 τῆς

944 5075 1078 5146 Ἀθήνησιν
1088 5075 1358 5154 άκροπάλειιις,1ἰίιτον
1371 5073 1618 5153 ττοεΠεριηγήσιως
1628 5071 1721 5145 Ἰλίου,
