4004 5736
849 353 1109 415 FRAGMENTA..

174 495 309 568 reliquere
321 496 423 570 negotii
435 493 617 563 semiplenam
630 510 638 543 :
651 491 701 544 secl
708 501 806 562 postca
820 490 946 564 Timage-

174 601 234 648 nes,
251 593 280 638 et
289 581 438 652 diligentia
449 579 561 633 Groecus
569 590 598 632 et
606 595 737 643 sermone,
753 577 815 630 haec
826 597 890 650 aitte
900 579 947 630 diu

173 683 240 724 sunt
250 674 393 741 ignorata,
411 669 524 739 collegit
535 685 572 720 cc
586 667 782 738 multiplicibus
795 665 870 718 libris
877 683 885 730 ;
899 684 946 718 cn»

171 765 219 828 jus
226 758 318 830 fidem
332 757 426 821 seca'ti,
449 755 614 808 obscuritate
633 753 750 816 dimota,
774 753 871 804 euclem
889 753 946 804 dis-

175 851 260 898 tincte
273 844 430 898 docebimus
445 852 474 894 et
483 887 485 892 .
495 852 599 912 aperte.
621 841 785 912 Aborigines
797 845 900 910 primos
919 843 947 890 in

175 931 220 985 his
230 931 385 1003 regionibus
393 929 506 1002 quidam
518 932 592 980 visos
604 944 661 980 esse
666 926 833 998 firmarunt,
854 927 948 980 Celtas

174 1022 286 1072 nonsine
294 1021 369 1090 regis
378 1015 518 1078 amabilis,
537 1025 566 1068 ct
574 1019 670 1067 matris
683 1019 743 1082 ejus
752 1011 881 1067 vocabulo
894 1015 947 1068 Gu-

176 1107 250 1159 latas
262 1105 350 1156 dictos
362 1121 372 1153 :
387 1106 424 1156 ita
438 1106 512 1156 enim
528 1101 624 1154 Gallos
637 1117 724 1153 sermo
740 1101 874 1173 appellat.
891 1102 948 1152 Alii

175 1194 333 1255 Dorienses,
353 1193 533 1260 mitiquiorem
546 1199 650 1241 secutos
661 1189 823 1258 Herculem,
843 1189 948 1241 Oceani

176 1280 249 1332 locos
266 1274 436 1332 inhabitasse
449 1265 579 1344 confines.
597 1273 727 1343 Drysidae
739 1287 892 1338 mensurant
904 1293 946 1329 ne·

175 1383 240 1419 cera
248 1363 343 1434 fuisse
359 1365 458 1436 populi
469 1373 581 1434 partem
601 1361 762 1434 indigenam
780 1380 789 1412 .·
807 1363 859 1414 sed
877 1363 948 1416 ulios

174 1469 280 1525 quoque
296 1452 333 1504 ab
350 1451 447 1503 insulis
464 1453 575 1502 extimis
592 1447 756 1518 confluxisse
774 1458 801 1501 et
818 1450 948 1503 tractibus

174 1537 395 1604 transrhenanis,
410 1537 554 1592 crebritate
569 1533 699 1590 bellorum
709 1547 738 1588 et
746 1536 882 1589 alluvione
884 1534 947 1606 ser·

174 1628 232 1680 nidi
245 1629 332 1680 maris
349 1625 456 1679 sedibus
476 1627 530 1677 suis
546 1623 684 1696 expulsos.
710 1626 798 1676 Aiunt
815 1624 942 1696 quidam,

170 1731 277 1786 paucos
293 1723 356 1783 post
373 1711 513 1766 excidium
538 1710 643 1778 Trojoe,
658 1705 820 1780 fugitantes
840 1709 947 1762 Graecos

173 1801 274 1872 ubique
286 1799 432 1871 dispersos,
452 1799 511 1852 hoca
524 1795 585 1850 hoec
598 1812 744 1867 occupasse
763 1806 825 1848 tunc
845 1813 946 1854 vacua.

173 1889 327 1958 Regionum
339 1897 431 1940 autem
444 1885 543 1938 incolae
553 1884 584 1936 iel
595 1887 686 1956 magis
699 1879 826 1936 omnibus
836 1881 949 1938 adseue-

172 1985 252 2039 raat,
265 1973 339 2046 quud
354 1976 439 2026 etiam
454 1988 503 2024 nos
517 1971 634 2044 legimus
656 1973 684 2022 ia
699 1973 880 2022 rrnummentis
898 1987 947 2023 eo-

173 2079 235 2114 rum
253 2064 381 2123 incisum,
404 2056 612 2129 Amphitruonis
623 2055 721 2128 filiunt
744 2057 889 2110 Herculem
910 2057 951 2110 ad

176 2149 310 2218 Geryonis
317 2157 346 2200 et
358 2147 481 2199 Taurisci
486 2149 598 2198 sceeium
610 2155 786 2220 tyrannorum
792 2147 947 2215 perniciem

171 2231 332 2300 festinasse,
352 2251 466 2306 quorum
480 2234 553 2286 alter
564 2233 731 2305 Hispanias,
750 2232 823 2284 alter
839 2233 950 2288 Gallias

174 2319 327 2392 infestabat
336 2339 346 2374 .·
356 2325 544 2393 superatisque
552 2316 684 2374 anticius
693 2323 778 2373 coisse
789 2337 850 2372 cum
860 2337 947 2392 gene-

173 2414 241 2462 rosis
246 2405 380 2478 seminis,
401 2411 603 2479 suscepisseque
619 2403 717 2461 liberos
730 2408 838 2479 plures,
857 2419 885 2462 et
902 2425 948 2463 cos

1694 361 1762 415 ‘323

992 483 1097 556 quaead
1106 483 1134 537 h.
1147 484 1165 540 Ι.
1178 493 1372 558 congesserunt
1382 485 1545 556 interpretes
1555 487 1582 538 in
1595 485 1661 552 edit.
1672 488 1760 559 Wag-

992 590 1116 629 net-iana.

1367 665 1393 721 8.

1032 771 1171 826 Plutarch.
1183 772 1225 824 De
1235 767 1301 826 liuv.
1313 769 1340 838 6,
1356 769 1391 823 de
1402 775 1488 824 Arare
1500 771 1593 826 Gattiae
1603 769 1704 840 fluvio,
1715 775 1764 844 qni

992 859 1060 912 olim
1077 857 1205 930 Brignlus
1219 855 1310 910 dictus
1319 857 1371 927 sit,
1384 866 1449 912 teste
1463 857 1627 912 Callisthene
1637 857 1765 930 Sybarita

993 945 1022 996 in
1036 943 1220 999 Gatiticorum
1232 941 1283 997 lib.
1301 941 1351 1008 ιδ,
1367 942 1430 1016 παρ’
1443 929 1472 996 οδ
1482 939 1528 1008 τὴν
1541 939 1659 997 ὑπόθεσιν
1674 941 1763 1022 εἴληφε

993 1026 1142 1106 Τιμαγένης
1155 1031 1169 1084 b
1183 1025 1274 1104 Σύρος.
1288 1027 1359 1082 Vide
1370 1028 1527 1084 Callisthen.
1542 1029 1578 1082 fr.
1597 1035 1644 1100 h7.

1032 1247 1131 1301 Strabo
1145 1248 1193 1314 lv,
1208 1265 1237 1318 p.
1256 1245 1328 1300 188:
1347 1161 1400 1302 tiit
1412 1242 1470 1308 τοὺς
1480 1244 1646 1320 Τεκτυσᾶγας
1660 1245 1687 1304 δί
1701 1269 1765 1326 ροσε

993 1333 1133 1406 μετασχεῖν
1148 1334 1194 1399 τῆς
1208 1328 1251 1387 ἐπί
1266 1329 1380 1407 Δελφοὺς
1393 1328 1549 1406 στρατείας,
1571 1331 1654 1408 (καί)
1666 1332 1724 1398 τούς
1737 1355 1765 1390 τε

992 1413 1135 1494 θησαυροὺς
1145 1414 1203 1482 scin
1216 1414 1363 1494 εὑρεθέντας
1382 1413 1445 1490 παρ’
1460 1415 1544 1479 αὐτοῖς
1555 1415 1606 1473 ὑπὸ
1620 1416 1768 1484 Σκιπίωνος

994 1507 1038 1560 τοῦ
1054 1505 1199 1581 στρατηγοῦ
1217 1505 1268 1559 τῶν
1287 1500 1468 1573 ‘Populonio
1483 1500 1557 1564 πόλει
1571 1501 1700 1581 Τολώσσῃ
1714 1506 1765 1560 τῶν

992 1590 1087 1646 ἐκεῖθεν
1098 1587 1242 1667 χρημάτων
1253 1585 1329 1666 μέρος
1338 1578 1403 1644 εἷναί
1413 1608 1476 1664 φασι
1487 1631 1496 1661 ,
1506 1591 1657 1666 προσθεῖναι
1668 1589 1696 1646 δί
1707 1588 1766 1655 τοὺς

994 1673 1142 1754 ἀνθρώπους
1162 1674 1207 1732 καὶ
1230 1676 1260 1732 ἐκ
1281 1677 1332 1732 τῶν
1350 1673 1419 1732 ἰδίων
1441 1671 1517 1732 οἴκων
1540 1678 1701 1751 εἰνιεροῦντος
1720 1675 1766 1736 καὶ

993 1760 1208 1838 ἐξιλασιιομίνους
1221 1761 1264 1846 τδρ
1280 1760 1351 1820 θεόν·
1370 1761 1573 1841 προσαψάμενον
1585 1762 1608 1820 δ’
1623 1765 1708 1822 αὐτῶν
1722 1763 1766 1822 τὸν

993 1849 1128 1910 Σκιπίωνα
1141 1847 1184 1908 διδ
1199 1853 1274 1906 τοῦτο
1286 1851 1311 1908 ἐν
1326 1847 1509 1926 δυστυχήμασι
1521 1849 1700 1928 καταστρέψαι
1721 1849 1765 1908 τὸν

994 1935 1060 2014 βίον,
1082 1939 1117 2002 ὡς
1135 1933 1266 2014 ἱερόσυλον
1285 1933 1442 2006 ίαδληθίντα
1458 1934 1540 2014 (ὑπὸ)
1561 1939 1607 2005 τῆς
1629 1936 1766 2014 πατρίδος,

995 2021 1130 2100 διαδόχους
1143 2023 1165 2082 δ’
1182 2021 1344 2080 ἀπολιπόντα
1356 2023 1467 2098 παῖδας,
1481 2020 1510 2088 t<
1525 2021 1619 2092 συνίὸη
1633 2044 1766 2100 ααταπορ·

993 2107 1135 2180 νευθείσας,
1148 2111 1183 2174 ὡς
1197 2105 1283 2188 ιίρηαε
1294 2111 1319 2168 Ἰ
1321 2108 1457 2184 ιμαγίνης,
1472 2110 1586 2187 αἰσχρῶς
1597 2107 1748 2168 ἀπολέσθαι.

1359 2248 1403 2284 10.

1032 2335 1137 2388 Plinius
1151 2336 1186 2389 ΙΙ.
1202 2336 1237 2389 Ν.
1253 2335 1314 2403 ΙΙΙ,
1333 2353 1383 2408 19,
1397 2333 1453 2388 23:
1473 2335 1558 2407 Alpes
1571 2339 1600 2386 in
1616 2335 1764 2408 longitudi-

993 2439 1055 2474 nern
1076 2421 1166 2474 decies
1184 2423 1407 2475 centena‘mllliu
1417 2439 1496 2494 pass.
1511 2433 1612 2493 patere
1631 2440 1651 2474 a
1669 2423 1768 2494 supero

170 2506 268 2567 Panes
284 2494 381 2566 qulbus
391 2493 597 2566 imperitabam,
613 2498 670 2546 ΜΒ·
683 2493 839 2548 nominibus
851 2495 947 2568 adpel·
994 2508 1116 2560 moriad
1128 2504 1247 2578 inferum
1259 2507 1364 2562 Caelius
1378 2509 1476 2574 tradit,
1496 2509 1659 2582 Timagenes
1669 2510 1701 2561 X
1701 2510 1734 2561 X
1735 2512 1771 2564 ΙΙ

175 2584 258 2638 “¹550-
278 2585 305 2635 Α
324 2580 447 2636 Phossoea
466 2598 526 2634 ⁰07⁰
544 2583 683 2634 Ailall'ffls
695 2582 818 2653 ΡΟΡΠῙΜ·
830 2582 951 2655 Harpali
994 2595 1038 2650 M.
1049 2613 1130 2668 pass.
1143 2596 1280 2663 deductis,
1296 2599 1324 2648 in
1337 2596 1509 2650 latitudinem
1521 2606 1612 2648 autem
1625 2595 1768 2650 Cornelius

174 2668 254 2743 [deb.
275 2665 417 2742 Halpssgl']
438 2669 641 2722 inclementiam
662 2673 755 2722 ”llam
763 2710 772 2736 ν
793 2667 859 2739 (ΙΙΙ
875 2673 951 2742 'Pb'l'i
993 2683 1087 2754 Nepos
1101 2683 1186 2749 CM,
1211 2685 1243 2739 T.
1258 2685 1349 2736 Livius
1360 2687 1414 2736 tria
1425 2683 1468 2736 M.
1477 2683 1628 2736 stadiorum
1639 2723 1646 2751 ,
1657 2693 1769 2755 uterque

170 2752 314 2827 prsesecti,
331 2756 447 2810 Italiam
458 2758 665 2828 nctsigiopetiit.
679 2755 765 2824 Cujus
773 2773 842 2828 pars
852 2761 881 2809 in
894 2759 950 2810 Ln-
993 2761 1105 2814 diversis
1120 2765 1194 2820 locis.

174 2847 260 2896 cunia
276 2843 400 2904 Veliam,
420 2845 478 2896 alia
491 2843 614 2896 condidit
625 2847 654 2896 in
672 2843 701 2894 V
699 2847 821 2897 immensi
841 2845 948 2898 Massi·
1336 2867 1380 2905 ιι.
1404 2865 1429 2902 ε.

175 2928 344 2982 liamsdeia
356 2933 475 3001 sequutis
488 2929 617 2982 aetatibus
630 2931 732 3001 oppida
746 2941 829 2982 aucta
845 2935 948 2984 virium
1035 2950 1137 3004 strabo
1158 2951 1219 3018 XV²
1235 2969 1263 3023 p·
1278 2970 1350 3020 71¹,
1364 2949 1491 3003 demi„
1510 2968 1517 3002 :
1536 2945 1661 3012 [41300433
1680 2947 1724 3004 καὶ
1738 2947 1767 3006 τὸ

173 3021 255 3090 copia
269 3021 407 3072 instituere
415 3036 471 3072 non
477 3036 574 3090 pauca
589 3036 599 3069 .·
615 3017 666 3071 sed
675 3017 844 3072 declinanda
856 3025 948 3074 varie·
997 3031 1046 3090 ὑπὸ
1066 3033 1227 3110 'mmm‘
1240 3032 1340 3112 hlei„
1354 3035 1388 3098 ὡς
1402 3031 1443 3090 6,,
1464 3029 1563 3109 χαλκὸς
1579 3030 1649 3090 ὕωτο
1668 3034 1765 3090 mna.

175 3119 230 3169 tas,
249 3109 327 3196 ΜΝ
337 3109 462 3158 Mill-'‘⁰²‘'
473 3109 626 3173 confunda·
638 3104 664 3158 Ρ
663 3122 695 3156 ‘¹'
709 3103 771 3156 lm
784 3105 844 3158 [ΟΜ
856 3104 949 3159 ἦθἠί·
994 3127 1067 3196 γμοῑς
1076 3121 1196 3198 χαλκοῖς,
1206 3119 1250 3179 καί
1261 3120 1371 3200 σύροιεο.
1380 3117 1527 3198 Ἐγγυτίριυ
1537 3117 1564 3176 δὲ
1574 3117 1684 3185 niestein
1692 3142 1768 3199 φησιν

174 3191 255 3244 nibus
265 3192 420 3263 paullatim
435 3193 564 3256 excultis,
584 3196 701 3261 viguere
712 3192 806 3245 stuilia
822 3193 950 3246 biudabi-
994 3211 1008 3264 ὁ
1023 3206 1192 3284 Μ,γ,,,,,ρ,’,,,,.ς
1204 3209 1252 3286 (ρ,
1272 3211 1333 3282 Η),

175 3281 242 3332 lium
256 3279 456 3343 doctrinarum,
472 3277 601 3332 inchoata
606 3296 660 3350 per
667 3279 776 3332 Bardos
784 3290 811 3332 et
820 3279 951 3352 Euhages

176 3361 300 3439 [Οὒοίτεις
307 3364 419 3441 Strabo]
430 3377 459 3420 et
468 3365 597 3421 Druidas.
606 3365 643 3418 Et
648 3366 738 3418 Bardi
744 3367 854 3438 quidem
856 3362 950 3435 sortia

174 3457 299 3506 virorum
319 3454 465 3508 illustrium
473 3449 560 3522 sacta
572 3451 690 3506 heroicis
700 3457 850 3526 composita
865 3459 950 3509 versi·

175 3539 225 3592 bus
238 3557 299 3592 cum
319 3540 443 3594 dulcibus
466 3542 537 3611 lyroe
552 3542 671 3596 modulis
687 3549 880 3597 concitarunt:
898 3543 952 3598 Eu·

174 3626 264 3698 hages
284 3643 351 3682 uero
363 3640 514 3682 scrutantes
534 3633 630 3704 scriem
648 3641 675 3683 et
691 3630 822 3684 sublimia
842 3641 951 3684 naturoe

170 3712 300 3782 pandere
322 3715 500 3771 conabuntur.
525 3718 605 3770 later
624 3714 674 3769 hus
692 3716 810 3770 Druidoe
832 3721 951 3789 ingenus

1293 3323 1296 3328 ¹
1359 3330 1404 3367 tt.

1035 3415 1140 3470 Plinius
1153 3416 1188 3473 H.
1207 3415 1242 3469 N·
1258 3414 1397 3482 xxxut,
1418 3433 1451 3482 7,
1471 3420 1509 3478 lo
1527 3429 1534 3469 ε
1555 3411 1630 3468 luba
1654 3419 1767 3468 ntinium

995 3507 1072 3555 nasci
1095 3513 1123 3556 et
1142 3489 1180 3556 inv
1200 3501 1352 3557 Carmania
1375 3501 1475 3566 tradit,
1505 3502 1667 3572 Timagenes
1690 3514 1718 3556 et
1737 3507 1766 3556 in

998 3587 1148 3662 AEthiopia.
1167 3588 1225 3644 Sat
1237 3599 1332 3643 rueuao
1347 3605 1384 3642 ea
1405 3589 1463 3641 loco
1478 3587 1615 3642 invehitur
1631 3590 1672 3642 ad
1695 3607 1760 3654 ans,

922 3722 938 3732 ..
954 3713 958 3720 ·
994 3672 1115 3744 necsere
1128 3675 1240 3729 aliunde
1253 3693 1336 3748 quam
1352 3693 1389 3729 ex
1402 3675 1548 3748 Hispania.

174 3798 311 3864 celsiores,
327 3807 514 3855 utauctoritas
527 3801 698 3876 Pythagora
706 3803 831 3867 decreuit,
846 3805 951 3857 soduh'-
1146 3847 1150 3860 .
1360 3807 1404 3844 ¹²·

175 3889 227 3936 etis
248 3885 374 3940 adstricti
394 3891 546 3954 consortiis,
566 3891 764 3962 quaestionibus·
784 3893 950 3946 occultarum
1034 3891 1198 3963 Quintilian.
1214 3893 1244 3961 Ι,
1264 3911 1313 3960 10,
1335 3911 1389 3948 10:
1416 3893 1578 3964 Timagenes
1595 3903 1691 3944 auctor
1710 3903 1763 3955 est,

175 3988 267 4024 rerum
282 3973 457 4046 altarumque
468 3979 552 4029 erecti
563 3987 637 4043 sunt,
655 3987 682 4030 ct
695 3978 882 4050 despectantes
893 3977 951 4031 hu·
994 3983 1113 4033 omnium
1126 3983 1154 4032 in
1164 3981 1247 4034 literis
1256 3981 1406 4034 studiorum
1420 3982 1638 4051 antiquissimam
1651 3981 1768 4030 musicen

175 4074 264 4110 rnaaa
271 4063 485 4129 pronuntiarunt
495 4065 606 4114 animas
618 4064 796 4118 immortales.
813 4064 881 4118 Cum
895 4082 951 4136 po·
996 4049 1149 4119 ersiitisse:
1159 4077 1187 4119 ct
1195 4071 1348 4121 testimonio
1356 4078 1419 4119 sunt
1426 4067 1574 4118 clarissimi
1580 4075 1679 4137 psoetae,
1693 4065 1771 4136 apud

174 4144 285 4197 strenuis
296 4145 333 4198 cl.
347 4145 448 4200 Strabo
460 4148 507 4214 IV,
523 4165 553 4220 p.
572 4147 644 4222 198,
659 4151 708 4221 qui
722 4149 842 4204 eundem
855 4151 950 4206 Tima—
996 4169 1062 4224 quos
1075 4157 1147 4206 inter
1158 4154 1269 4224 regalia
1282 4157 1401 4207 convivia
1416 4153 1512 4205 hiudes
1523 4149 1635 4206 heroum
1650 4169 1684 4204 ac
1696 4151 1762 4204 (leo-

175 4247 277 4301 genem
291 4241 355 4286 ante
369 4233 465 4288 oculos
481 4235 609 4289 habuisse
626 4235 743 4290 videtur.
760 4237 890 4292 Ceterum
912 4237 948 4292 cs.
996 4257 1056 4292 rum
1068 4239 1109 4292 od
1117 4237 1252 4292 citharam
1265 4240 1443 4293 canebantur.

548 4401 576 4450 9·
994 4407 1114 4458 additione
1132 4410 1209 4471 lucu,
1228 4409 1391 4472 auspiscandi
1408 4407 1513 4458 nuntinis
1527 4409 1602 4470 grstia
1617 4418 1769 4456 consecrave-

208 4477 768 4540 Tectouuwnuldemtnditmnestinlosiuisse
779 4483 897 4545 Delnlticae
908 4498 950 4534 ex·
995 4487 1043 4533 rint
1060 4503 1066 4534 ι
1084 4486 1164 4548 itaque
1181 4485 1316 4548 Scipionem
1334 4483 1517 4549 [sessonensi
1538 4483 1579 4546 qui
1600 4484 1770 4532 contrectasset

175 4551 307 4614 petitioni,
316 4556 340 4602 et
349 4554 486 4616 thesauros,
498 4569 558 4617 quos
566 4558 659 4608 Totosoe
667 4558 746 4620 scipio
755 4557 823 4620 [tm
837 4561 881 4620 (Q.
894 4565 951 4612 ser·
994 4563 1160 4620 sufflamus
1169 4563 1344 4614 calamitatibus
1354 4567 1473 4626 finivisse,
1489 4569 1604 4625 tanquam
1613 4561 1768 4620 maletum·

174 4628 265 4690 silius)
276 4629 371 4694 cepio]
382 4633 543 4681 nummorum
553 4633 604 4682 dux
615 4634 715 4696 invenit,
728 4639 820 4700 purtem
831 4639 903 4687 luisse
912 4651 949 4700 pe·
995 4639 1193 4702 pottissimum,
1203 4643 1291 4693 relictis
1300 4643 1434 4694 handuns
1442 4643 1549 4704 filiabus,
1557 4655 1618 4704 quus
1626 4639 1766 4702 Titnagenoe

173 4707 301 4758 conlatum
309 4709 406 4770 ndulsit
414 4707 953 4774 thumum,quibustttttemtsnmttatttsus
995 4716 1078 4766 scribit
1088 4722 1253 4783 constupentes
1261 4721 1361 4781 turpiter
1369 4721 1470 4782 perium.

740 4927 1224 4964 --Ἧδ--ψ
