3974 5732
839 307 1079 370 FRAGMENTA.
1683 313 1735 369 nu

153 442 199 513 γῆν
206 436 251 496 καλ
261 435 342 505 αὐτὴν
348 433 499 511 σφαιροειδῆ
509 431 554 490 καί
561 431 783 510 περιοικουμένην.
795 429 840 509 (τε)
850 422 925 490 Εἰναι
971 434 1050 500 ζωῆς·
1072 427 1199 486 ἀθάνατόν
1215 427 1236 484 τ’
1252 418 1319 485 εἰναι
1336 428 1427 502 αὐτὴν,
1445 429 1584 508 ἐπειδήπερ
1598 429 1643 488 καί
1657 429 1686 488 τὸ
1700 427 1743 509 ἐφ’

155 525 180 584 δέ
191 525 236 584 καὶ
250 522 389 587 ἀντίποδας
402 521 447 579 καί
458 521 491 578 τὰ
505 523 567 596 ἡμῖν
580 518 651 576 κάτον
662 518 766 584 ἐκείνοις
777 517 841 578 άνω.
856 519 924 578 Ἰσό-
971 508 1002 573 oi
1021 513 1187 572 ἀπέσπασται
1199 513 1325 572 ἀθάνατόν
1335 516 1412 574 ἐστι..
1442 518 1467 574 Τ
1468 514 1485 574 θ
1497 515 1524 574 δέ
1540 517 1594 596 ζῷα
1608 522 1745 593 γεννᾶσθαι

154 612 230 690 μοιρά
241 615 265 669 τ’
279 601 345 669 εἰναι
358 612 383 666 έν
395 613 432 688 τῷ
442 607 534 687 κόσμῳ
544 609 598 686 φῶς
607 605 652 664 καί
663 605 766 676 σκότος,
775 607 819 664 καί
831 607 925 684 θερμὸν
970 602 996 670 ἐξ
1008 601 1128 673 άλλήλων
1141 600 1193 659 ἀπὸ
1204 601 1370 678 σπερμάτων,
1385 602 1431 672 τὴν
1444 603 1466 660 δ’
1477 607 1506 661 ἰκ
1515 608 1562 680 γῆς
1571 603 1670 680 γένεσιν
1680 599 1744 662 ἀδό-

153 698 196 756 ιιαί
209 696 321 777 ψνχρδν,
337 695 382 754 καί
393 693 468 774 ξηρθν
480 693 525 751 καί
540 691 629 771 ὑγρόν·
642 683 678 750 ὧν
688 694 747 750 κατ’
761 693 926 771 ἐπικράτειαν
971 712 1047 748 νατον
1062 688 1227 768 ὑφίστασθαι.
1248 687 1288 748 Τδ
1308 689 1336 746 δὲ
1348 688 1453 768 σπέρμα
1465 679 1531 748 εἰναι
1543 689 1656 765 σταγόνα
1671 692 1743 766 ἐγκε-

154 790 245 863 θερμοῦ
257 783 304 860 μέν
317 782 388 862 θέρος
398 781 528 857 γίνεσθαι,
542 783 641 858 ψυχροῦ
655 779 683 836 δέ
697 783 832 856 χειμῶνα,
850 779 925 859 ξηροῦ
971 775 1054 854 φάλου
1072 775 1244 854 περιέχουσαν
1265 777 1291 833 ἐν
1312 777 1391 853 ἑαυτῇ
1414 778 1508 854 θερμὸν
1531 776 1626 851 ἀτμόν·
1644 777 1744 848 ταύτην

154 874 177 930 δ’
192 871 253 951 έαρ,
268 873 312 928 καί
327 873 404 948 θγροῦ
421 867 592 946 φθινόπωρον.
608 865 672 927 'Etr
690 865 717 923 δέ
738 869 876 947 ἰσομοιρῇ,
893 867 927 926 rt
973 864 999 920 δέ
1021 861 1232 943 προσφερομένην
1246 865 1279 938 τῇ
1294 861 1380 940 μήτρα
1402 861 1454 919 άπθ
1474 861 1520 938 μέν
1539 867 1583 920 τοῦ
1599 864 1743 942 ἐγκεφάλου

153 957 279 1016 κάλλιστα
291 949 356 1014 εἶναι
371 961 417 1014 τοῦ
432 955 520 1024 έτους,
536 945 565 1012 οδ
579 953 666 1029 τὸμὲν
679 955 771 1011 θάλλον
784 953 831 1034 έαρ
845 957 925 1032 ὑγιει·
973 952 1056 1028 ἰχῶρα
1070 949 1114 1006 καὶ
1132 950 1209 1027 θγρδν
1230 949 1277 1006 καί
1295 939 1361 1024 αἷμα
1376 943 1528 1027 προίεσθαι,
1547 947 1571 1016 ἐξ
1590 939 1627 1006 ιῖιν
1647 948 1746 1026 σάρκας

153 1046 205 1117 νόν,
219 1043 250 1102 τὸ
267 1043 295 1102 δὲ
308 1042 394 1124 φθίνον
408 1041 566 1122 φθινόπωρον
586 1039 699 1117 νοσερόν.
722 1037 802 1098 ’titt
824 1041 868 1099 καὶ
882 1045 928 1111 τῆς
973 1057 1001 1093 τε
1014 1035 1060 1093 καί
1070 1040 1147 1114 νεῦρα
1163 1035 1207 1092 καί
1222 1037 1286 1093 όατᾶ
1302 1034 1346 1092 καί
1359 1036 1451 1114 τρίχας
1461 1035 1544 1093 καὶτὸ
1556 1035 1615 1093 ὅλον
1627 1036 1745 1094 συνέστα-

154 1132 254 1212 ἡμέρας
265 1130 367 1188 θάλλειν
382 1128 430 1206 μέν
442 1127 490 1199 τὴν
511 1127 561 1202 im,
584 1127 679 1206 φθίνειν
693 1124 721 1185 δέ
739 1125 787 1197 τὴν
803 1127 927 1206 ἑσπέραν·
974 1127 1033 1180 σθαι
1048 1127 1138 1198 σῶμα·
1164 1121 1217 1180 άπὸ
1234 1119 1260 1180 δέ
1279 1127 1325 1180 τοῦ
1345 1123 1429 1198 άτμοῦ
1443 1121 1529 1202 ψυχὴν
1545 1121 1590 1180 καλ
1611 1121 1741 1193 αἰσθησιν.

153 1221 207 1277 δθιν
220 1217 267 1276 καί
277 1213 452 1294 νοσερωτέραν
472 1204 549 1272 εἶναι.
565 1213 619 1272 Τόν
633 1235 660 1270 τε
676 1212 736 1291 περί
748 1211 854 1289 τλνγῆν
864 1213 928 1291 ἀέρα
975 1210 1023 1286 (νυ)
1036 1211 1207 1289 Μορφοῦσθαι
1220 1206 1247 1266 δέ
1261 1207 1290 1266 τό
1305 1207 1352 1284 μέν
1372 1212 1473 1288 πρῶτον
1489 1207 1572 1286 παγέν
1593 1211 1619 1266 ἐν
1638 1207 1746 1289 ἡμέραις
1827 1221 1832 1230 ’

155 1305 272 1362 ἄσειστον
293 1301 338 1360 καί
357 1301 460 1377 νοσερὸν
475 1299 520 1357 καί
542 1298 576 1356 τά
598 1301 625 1357 έν
648 1300 718 1377 αθτῷ
735 1300 821 1356 πάντα
835 1299 928 1371 θνητά·
975 1293 1184 1373 τεσσαράκοντα,
1205 1293 1274 1353 κατθι
1294 1293 1322 1352 δέ
1339 1295 1398 1362 τοὺς
1411 1299 1457 1366 τῆς
1473 1295 1597 1373 θρμονέας
1612 1294 1703 1371 λόγους
1720 1298 1746 1352 ἐν

155 1392 196 1450 τόν
218 1388 245 1448 δέ
267 1388 393 1447 ἀνωτάτω
411 1385 553 1456 ἀεικίνητόν
573 1389 593 1443 τ’
614 1375 680 1443 εἶναι
695 1384 740 1442 καί
760 1383 873 1463 καθαρὸν
883 1383 929 1442 κοιλ
974 1379 1040 1440 έπτλ
1054 1377 1071 1452 ί,
1083 1381 1156 1440 ἐννέα
1168 1380 1186 1450 ἢ
1199 1381 1266 1439 ’δέκα
1282 1379 1312 1439 τὸ
1327 1383 1447 1440 πλεῖστον
1462 1383 1528 1458 μησί
1543 1381 1665 1440 τελεωθέν
1677 1383 1746 1440 άπο-

154 1483 214 1554 ipre
237 1475 283 1534 καί
297 1475 382 1533 πάντα
402 1473 435 1532 rt
452 1475 479 1532 ἐν
502 1473 573 1551 αὐτῷ
590 1470 706 1530 ἀθάνατα
727 1471 772 1530 καὶ
795 1469 837 1529 tat
854 1475 929 1530 τοῦτο
974 1466 1127 1528 κυΐσκεσθαι
1142 1468 1172 1526 τὸ
1187 1468 1292 1582 βρέφος·
1314 1466 1383 1546 ἔχειν
1398 1470 1420 1526 δ’
1442 1470 1469 1526 ἰν
1490 1471 1561 1546 αὑτῷ
1575 1468 1673 1535 πάντας
1686 1467 1746 1534 τοὺς

154 1569 219 1624 θεῖα.
237 1565 282 1640 (ον)
294 1561 388 1621 Ἥλιόν
399 1583 427 1618 τε
442 1559 486 1618 καί
500 1557 609 1630 σελήνην
622 1559 667 1616 καί
677 1555 735 1624 τοὺς
746 1557 839 1624 άλλονς
853 1557 929 1616 άστέ-
974 1554 1065 1631 λόγους
1075 1558 1121 1624 τῆς
1141 1559 1221 1628 ζωῆς,
1239 1579 1275 1613 ων
1288 1556 1426 1636 εἰρομένων
1444 1553 1597 1635 συνέχεσθαι
1610 1556 1676 1614 κατέ
1691 1555 1749 1622 τοὺς

155 1674 199 1730 ρας
213 1641 279 1708 εἶναι
293 1645 376 1714 θεούς·
394 1648 540 1724 ἐπικρατεῖν
553 1644 604 1724 γὰρ
617 1643 646 1702 ‘rb
666 1643 759 1724 θερμόν
781 1647 807 1704 ἐν
826 1645 927 1720 αὐτοῖς,
974 1646 1020 1712 τῆς
1042 1642 1167 1721 ἁρμονίας
1185 1642 1288 1721 λόγους,
1301 1642 1417 1702 ἑκάστων
1431 1646 1457 1702 έν
1472 1642 1637 1720 τεταγμένοις
1650 1665 1694 1702 και
1713 1648 1749 1709 οῖς

155 1737 218 1816 δπερ
238 1736 293 1794 ἐστὶ
306 1737 372 1806 ζωῆς
387 1732 479 1794 αίτιον.
520 1731 575 1802 Τήν
597 1755 624 1789 τε
646 1731 757 1804 σελήνην
778 1730 929 1807 λάμπεσθαι
975 1728 1168 1806 ἐπιγινομένων.
1196 1729 1254 1800 Τήν
1271 1733 1295 1786 τ’
1311 1728 1431 1800 αίσθησιν
1445 1733 1533 1795 κοινῶς
1553 1729 1597 1786 καί
1613 1729 1671 1788 κατ’
1684 1667 1749 1797 είδος

155 1827 197 1904 ὑφ’
215 1825 299 1894 ἡλίου.
345 1819 398 1880 Καί
418 1817 561 1900 ἀνθρώποις
578 1808 644 1876 εἰναι
666 1817 730 1898 πρδς
744 1817 815 1884 θεοὺς
836 1817 931 1896 συγγέ-
974 1813 1021 1885 τλν
1036 1813 1125 1894 ὅρασιν
1148 1815 1231 1890 ἀτμόν
1251 1815 1297 1873 τιν’
1318 1807 1383 1873 εἰναι
1398 1815 1464 1893 άγαν
1478 1815 1582 1893 θερμόν.
1627 1817 1680 1877 Καί
1703 1817 1746 1875 δεδι

154 1933 233 1981 νειαν,
245 1908 314 1968 κατλ
323 1909 352 1966 τό
364 1906 481 1986 μετέχειν
494 1905 628 1984 ἄνθρωπον
639 1910 747 1985 θερμοῦ·
760 1903 854 1964 διὸκαὶ
867 1928 928 1981 προ·
974 1907 1049 1961 τοῦτο
1061 1902 1165 1982 λέγεται
1176 1905 1209 1962 δι’
1221 1901 1295 1984 οἰέρος
1306 1907 1369 1983 ὁρᾶν
1382 1905 1426 1962 καὶ
1440 1905 1473 1962 δι’
1485 1903 1588 1970 ὕδατος·
1604 1905 1746 1985 ἀντερείδε-

156 1999 268 2055 νοεῖσθαι
283 1991 327 2050 τὸν
348 1994 403 2054 θεὸν
417 1997 502 2070 ἡμῶν.
547 1991 718 2072 Εἱμαρμένην
738 2015 766 2050 τε
790 1995 840 2050 τῶν
863 1990 929 2050 itm
975 1995 1035 2048 σθαι
1048 1987 1098 2069 γδιρ
1107 1989 1137 2048 τὸ
1149 1990 1242 2070 θερμὸν
1259 1989 1365 2049 ἀπὸτοῦ
1385 1993 1497 2071 ψυχροῦ.
1523 1991 1601 2051 Ἐπεί
1611 2015 1651 2050 τοι
1665 1995 1687 2050 εί
1702 1997 1750 2072 ψυ-

156 2083 201 2141 arai
215 2080 283 2140 κατὰ
296 2081 372 2160 μέρος
386 2081 471 2140 αἰτίαν
485 2073 550 2139 εἰναι
564 2085 609 2150 τῆς
624 2079 783 2150 διοικήσεως.
824 2079 931 2152 Διήκειν
975 2075 1037 2154 χρθς
1053 2069 1112 2148 {iub
1132 2079 1158 2135 έν
1171 2081 1224 2142 τοῖς
1237 2075 1352 2154 όμμασιν
1373 2079 1466 2153 ἀτμὸς,
1482 2077 1620 2149 διεισττίκει
1638 2077 1669 2138 ἂν
1686 2083 1749 2157 πρὸς

156 2169 178 2227 τ’
193 2169 246 2228 άπὸ
258 2175 302 2227 τοῦ
315 2167 391 2240 ἡλίου
404 2170 495 2226 ἀκτῖνα
508 2167 550 2226 δεδι
560 2173 605 2226 τοῦ
619 2165 717 2246 αἰθέρος
731 2172 776 2224 τοῦ
789 2189 816 2224 τε
831 2168 930 2246 ψυχροῦ
976 2162 1018 2240 τὸν
1038 2161 1125 2238 ὅμοιον
1143 2162 1223 2243 ἀέρα·
1242 2169 1286 2222 νῦν
1308 2163 1335 2222 δέ
1348 2165 1379 2194 ⁴¹*
1392 2163 1461 2222 έστιν
1479 2166 1506 2222 έν
1523 2155 1559 2232 οἷς
1574 2164 1646 2235 ἡλίου
1666 2166 1750 2232 πύλας

157 2261 202 2313 καὶ
216 2253 323 2332 παχέος.
352 2257 467 2313 Καλοῦσι
479 2253 506 2312 δέ
518 2252 561 2312 τθν
574 2251 621 2330 μὲν
636 2251 700 2333 άέρα
712 2250 811 2334 ψυχρδν
827 2253 930 2332 αἰθέρα,
976 2251 1051 2310 καλεῖ
1062 2248 1120 2316 τοὺς
1131 2248 1286 2328 ὀφθαλμούς.
1309 2249 1351 2310 Ti
1372 2252 1394 2308 δ’
1408 2249 1474 2309 αῦτθι
1488 2251 1533 2308 καί
1543 2252 1602 2330 περὶ
1613 2256 1658 2322 τῆς
1670 2255 1750 2322 ἀκοῆς

156 2341 203 2412 τὴν
218 2341 246 2399 δέ
255 2341 389 2400 θάλασσαν
402 2342 446 2398 καί
464 2339 494 2398 τὸ
507 2338 583 2419 θγρδν
597 2340 685 2418 παχὺν
703 2339 803 2420 αἰθέρα.
823 2339 929 2410 Ταύτην
974 2337 1020 2394 καὶ
1041 2340 1092 2395 τῶν
1113 2339 1209 2396 λοιπῶν
1230 2335 1374 2408 αἰσθήσεων
1390 2335 1547 2414 δογματίζει.
1592 2341 1638 2415 (τε)
1653 2337 1710 2410 Τὴν
1724 2341 1752 2397 δ’

157 2427 183 2485 δέ
197 2427 245 2498 τὴν
259 2431 350 2486 ἀκτῖνα
364 2427 409 2486 καλ
423 2431 458 2494 εἰς
477 2426 512 2486 rb
526 2426 602 2506 βένθη
618 2426 722 2486 δέεσθαι
740 2427 785 2486 καί
800 2425 843 2486 tri
857 2432 931 2486 τοῦτο
975 2423 1111 2501 ἀνθρώπου
1134 2423 1222 2504 ψυχὴν
1246 2425 1398 2502 διαιρεῖσθαι
1421 2429 1515 2502 τριχῆ,
1531 2424 1569 2493 ,εἰς
1586 2450 1614 2484 τε
1635 2431 1693 2484 νοῦν
1707 2427 1751 2484 καί

158 2517 291 2584 ζωοποιεῖν
303 2514 400 2573 πάντα.
443 2516 488 2592 (οε)
503 2513 558 2573 Καί
570 2517 615 2585 ζῆν
628 2512 675 2590 μέν
692 2513 768 2571 πάνθ’
786 2510 835 2571 ὅσα
850 2512 927 2588 μετέ·
975 2509 1069 2590 φρένας
1084 2509 1129 2568 καί
1147 2509 1237 2587 θυμόν.
1259 2514 1329 2571 Νοῦν
1348 2511 1394 2588 μίν
1409 2503 1452 2570 οῦν
1471 2511 1515 2568 κιιλ
1530 2514 1610 2588 θυμόν
1628 2503 1751 2571 εἶναικαὶ

157 2625 199 2680 χει
216 2606 262 2660 τοῦ
276 2605 386 2680 θερμοῦ·
408 2600 447 2660 διὸ
461 2599 507 2658 καί
529 2598 562 2658 τά
581 2598 648 2679 φυτά
668 2603 721 2678 ζῷα
742 2589 823 2658 εἰναι·
843 2598 930 2679 ψυχὴν
977 2600 1004 2655 ἐν
1026 2605 1078 2664 τοῖς
1095 2597 1182 2664 ἄλλοις
1196 2597 1285 2678 ζῴοις,
1306 2598 1399 2678 φρένας
1423 2599 1450 2656 it
1471 2597 1548 2675 μόνον
1566 2603 1592 2657 έν
1613 2598 1748 2678 ἀνθρώπῳ.

159 2685 245 2761 μέντοι
260 2686 297 2763 μὴ
320 2687 388 2765 ἔχειν
407 2689 503 2746 πάντα.
547 2677 624 2746 Εἶναι
640 2686 668 2744 δέ
691 2686 739 2757 riv
754 2685 840 2766 ψυχὴν
864 2686 930 2744 αἰπό-
979 2675 1057 2744 Εἰναι
1069 2683 1095 2742 δὲ
1110 2683 1157 2754 τὴν
1168 2685 1253 2764 ἀρχὴν
1267 2689 1312 2755 τῆς
1323 2688 1409 2765 ψυχῆς
1423 2685 1474 2742 ἀπὸ
1483 2685 1590 2763 καρδίας
1604 2686 1695 2765 μέχρις
1709 2691 1752 2762 ε’γ-

158 2797 269 2850 σπασμα
287 2773 386 2854 αἰθέρος
404 2773 449 2832 καλ
467 2778 513 2833 τοῦ
527 2779 622 2853 θερμοῦ
638 2773 743 2832 καὶτοῦ
761 2776 878 2854 ψυχροῦ,
894 2775 932 2853 τῷ
968 2771 1103 2850 κεφάλου·
1116 2769 1161 2830 καί
1173 2771 1204 2828 τὸ
1218 2770 1266 2848 μὲν
1280 2773 1306 2828 έν
1319 2795 1351 2850 τη
1370 2771 1465 2850 καρδίᾳ
1481 2773 1558 2852 μέρος
1572 2775 1651 2844 αὐτῆς
1666 2775 1748 2852 ὑπάρ-

156 2860 329 2940 συμμετέχειν
352 2863 453 2940 ψυχροῦ
481 2860 586 2942 αἰθέρος.
627 2859 765 2940 Διαφέρειν
787 2884 815 2918 τε
842 2859 929 2939 ψυχὴν
975 2881 1032 2936 χειν
1051 2857 1140 2932 θυμόν,
1163 2857 1255 2940 φρένας
1276 2855 1304 2916 δέ
1324 2859 1369 2918 καί
1380 2863 1438 2918 νοῦν
1459 2858 1492 2917 πθ
1509 2863 1535 2917 ἰν
1555 2865 1593 2936 τῷ
1604 2861 1751 2942 ἐγκεφάλῳ·

155 3025 318 3076 ιιοΙιῖείιιθιιιο
331 3029 397 3076 eunt.
429 3027 514 3088 AEquie
534 3029 606 3078 etiam
620 3027 730 3089 partibus
747 3026 838 3076 mundo
857 3025 933 3076 inesse
978 3023 1753 3086 eamqueeaeeimmertalem,qnanduquldemetidnquoavulsa

156 3103 236 3152 lucem
248 3104 411 3164 aetenebrae‚
424 3104 577 3168 calidumque
591 3106 617 3154 et
630 3103 756 3167 trigidum,
768 3106 793 3154 et
803 3104 893 3153 sieeum
909 3105 934 3152 et
978 3101 1015 3150 eet
1024 3099 1160 3150 immortale
1175 3101 1215 3149 eit.
1232 3105 1304 3150 Perre
1316 3099 1468 3166 animaliaex
1484 3113 1509 3150 ae
1526 3100 1630 3152 invicem
1648 3103 1712 3152 nasei
1723 3117 1753 3151 οι

156 3179 301 3229 humidum:
315 3194 345 3228 ex
355 3180 383 3229 iia
391 3180 449 3230 dum
459 3181 524 3230 ealor
534 3183 640 3243 superat,
651 3183 773 3242 estatem
783 3180 840 3232 dum
852 3181 933 3243 trigue,
977 3177 1124 3236 aemiulbue;
1143 3191 1199 3240 quae
1209 3190 1265 3226 veru
1281 3191 1295 3227 e
1311 3177 1427 3228 terrebat
1438 3180 1614 3240 generationem
1629 3193 1676 3228 nun
1688 3195 1755 3242 posse

157 3258 448 3320 lrieurem;dumbumor,
465 3260 575 3309 brumam
587 3260 646 3309 lieri.
662 3263 695 3309 Ea
711 3260 768 3309 dum
781 3259 934 3322 aequiaparti·
978 3256 1115 3305 subsistere.
1127 3259 1213 3305 semen
1228 3249 1311 3304 autem
1325 3267 1378 3304 ease
1395 3255 1486 3304 cerebri
1505 3257 1674 3318 attilamque
1691 3258 1714 3306 in
1730 3272 1755 3306 se

156 3333 385 3396 buaauut,oplima
398 3335 666 3398 auuitempuraeunliei
678 3355 684 3386 ι
695 3349 799 3398 namque
817 3337 935 3386 rireenena
978 3335 1082 3383 rutilum
1102 3336 1223 3383 contiueat
1240 3347 1371 3396 vaporem:
1391 3334 1444 3382 bure
1466 3348 1524 3384 reru
1544 3335 1601 3384 dum
1621 3335 1755 3385 infunditur

155 3411 265 3460 eatreris
275 3415 343 3472 gruta
358 3411 507 3474 salubrisque
518 3415 660 3474 temperiem
679 3413 790 3462 occidens
810 3427 869 3464 vero
889 3427 934 3462 nu·
955 3387 959 3499 ψ
979 3413 1073 3474 rutum,
1083 3425 1112 3462 ex
1125 3413 1223 3462 cerebro
1234 3412 1332 3474 quidem
1340 3413 1430 3462 aaniem
1442 3415 1467 3462 et
1475 3413 1598 3463 humorem
1606 3413 1755 3474 sanguinem-

156 3490 237 3539 tumui
252 3493 382 3552 tempestae
396 3492 514 3540 merbena.
547 3492 598 3540 Diei
619 3505 715 3554 qunque
733 3493 850 3542 virescere
863 3505 934 3542 aum·
977 3490 1207 3554 quaprottuereex
1220 3492 1388 3553 quibusoam,
1406 3491 1487 3550 nervi,
1499 3491 1756 3554 oana‚pililotumque
1789 3549 1795 3563 Ι

157 3580 350 3629 ιεοι,νεερειεαι
359 3567 468 3618 occidere
479 3569 796 3630 :quneirnaiunalubriurem
804 3581 863 3618 enee.
873 3573 934 3619 Eum
978 3569 1091 3618 eeneietut
1100 3581 1201 3630 cerpns;
1219 3583 1234 3617 e
1248 3583 1338 3630 vapore
1353 3573 1435 3618 aulem
1445 3570 1549 3618 animam
1561 3573 1634 3630 atque
1648 3583 1754 3620 sensum.

157 3645 214 3694 item
225 3644 269 3706 qui
293 3647 382 3694 terram
402 3645 632 3706 complectituraera
647 3645 774 3695 immotum
792 3659 822 3695 ae
838 3647 934 3696 morbo·
979 3647 1028 3710 (na)
1039 3647 1147 3696 Formari
1157 3651 1238 3696 autem
1255 3649 1333 3709 primo
1353 3647 1450 3710 quidem
1464 3651 1601 3697 mueretum
1618 3649 1643 3696 et
1657 3661 1754 3711 cumpe-

156 3721 578 3782 mm‚etqueintltoeuntemnta
593 3723 775 3772 euremartalta.
808 3725 935 3774 Summum
978 3725 1045 3773 etum
1056 3723 1118 3772 intra
1129 3723 1498 3785 diesquadrngiuta‚seeundum
1509 3737 1566 3774 veru
1576 3719 1693 3774 rationem
1703 3726 1756 3774 bar-

157 3809 215 3844 rere
225 3796 318 3844 mtbera
329 3807 423 3858 semper
431 3797 522 3846 mereri
533 3801 620 3848 eteaae
635 3797 820 3859 liquidissimum
831 3812 860 3848 ne
869 3801 935 3850 aalu·
978 3803 1066 3850 munim
1081 3800 1144 3849 intra
1155 3802 1248 3863 septem
1261 3803 1303 3849 aut
1320 3805 1461 3850 neremnui
1476 3801 1560 3852 (leuem
1577 3804 1612 3852 uti
1625 3803 1756 3866 plurimum
1848 3809 1852 3818 ·

158 3872 295 3922 θυτήπιιιω
312 3875 336 3920 et
349 3885 405 3934 qum
421 3873 484 3923 ineo
495 3876 551 3922 eunt
566 3874 711 3924 immortalia
724 3876 885 3938 eminetque
897 3876 935 3925 id-
980 3889 1073 3927 merraee
1091 3881 1283 3928 ennmmmntum
1301 3879 1375 3941 atque
1388 3879 1520 3941 portentum
1544 3879 1659 3930 infantem
1673 3880 1711 3928 erli
1731 3881 1755 3928 iu

156 3949 223 3998 cire»
232 3948 324 3998 diviua.
358 3951 407 4011 (27)
420 3950 499 4000 selem
516 3951 573 4000 item
587 3952 611 4000 et
626 3952 844 4016 lummetreliqnn
859 3953 937 4002 sidera
979 3955 1065 4004 iurem.
1081 3955 1265 4018 liabereautem
1281 3955 1307 4004 in
1325 3969 1351 4005 se
1366 3969 1450 4006 omnea
1467 3959 1524 4007 ritae
1539 3959 1655 4020 rationes,
1667 3959 1756 4021 quibus

156 4025 216 4075 dena
229 4038 282 4074 ease
296 4044 301 4072 :
317 4025 406 4088 quippe
417 4026 441 4074 iu
451 4026 497 4076 illia
513 4039 625 4088 superare
644 4029 761 4088 calorem,
777 4030 820 4091 qui
837 4031 868 4079 ait
880 4031 936 4080 ritae
979 4045 1022 4082 aua
1030 4033 1092 4082 aeria
1103 4033 1218 4082 connexis
1226 4033 1342 4082 euntiuerl
1357 4033 1489 4084 seeundum
1501 4037 1663 4100 congruentiae
1681 4036 1753 4084 ratio·

157 4106 253 4152 auctor.
287 4103 381 4151 Lunam
399 4107 481 4152 autem
504 4105 582 4153 arole
601 4104 724 4154 illustrari.
747 4107 937 4169 llemiuibueque
979 4123 1036 4168 ram,
1050 4123 1126 4172 quum
1137 4110 1228 4172 singula
1243 4111 1338 4160 etatntie
1346 4112 1493 4174 temporibus
1512 4115 1634 4163 accedant.
1654 4117 1754 4162 Sensum

158 4193 209 4228 nare
223 4191 283 4226 eum
301 4179 348 4228 dile
367 4180 547 4242 cognationem,
565 4181 631 4243 quod
643 4182 715 4231 bomo
737 4197 835 4246 quoque
852 4185 937 4234 caloris
980 4189 1140 4239 cummuniter
1151 4188 1248 4251 quidem
1261 4201 1358 4239 emnem
1370 4202 1399 4239 ae
1410 4192 1533 4254 speciatim
1549 4194 1624 4242 risum
1642 4205 1754 4254 raporum

160 4259 279 4318 particeps
298 4258 330 4306 ait
347 4273 354 4305 :
372 4259 437 4308 unte
452 4259 559 4308 eldeum
571 4260 646 4310 beatri
656 4261 829 4324 providentiam
845 4276 935 4325 gerere.
979 4265 1154 4329 eeeequendam
1164 4265 1234 4315 ualde
1242 4265 1355 4316 ealirlum.
1365 4269 1443 4330 Atque
1454 4269 1507 4318 iden
1516 4283 1558 4332 per
1566 4284 1645 4319 aerem
1655 4284 1755 4332 aqumn·

160 4335 297 4396 Fatuurque
311 4335 513 4386 unirereurumet
530 4337 679 4400 singulorum
693 4339 936 4390 administrandorum
979 4342 1756 4408 queritletedieiturmibigienimralidumatr-igide.Nameiesaet
1854 4321 1862 4340 '

160 4421 260 4458 caueam
274 4423 335 4459 enea.
354 4413 482 4461 Peuetrare
494 4413 937 4479 itnaauleratliumperratberalri·
979 4421 1329 4483 eipumtttatnoeuttevaper
1339 4423 1756 4486 distaretprotectoadversuaaerem

160 4485 243 4546 parm
253 4489 278 4536 et
290 4490 439 4538 poneretum.
471 4492 565 4540 Vocant
574 4494 655 4541 autem
668 4505 747 4542 aerem
758 4494 856 4556 quidem
875 4496 937 4558 trigl·
981 4497 1083 4548 rimitem
1095 4515 1101 4546 :
1115 4509 1180 4547 nune
1188 4496 1245 4561 re‘ro
1257 4499 1283 4524 *¹
1294 4499 1382 4548 alicubi
1391 4501 1474 4549 eeutue
1483 4500 1539 4550 selis
1551 4503 1632 4562 portae
1640 4501 1753 4564 appellat.

162 4561 221 4612 tium
232 4564 500 4624 aetberapmareautem
512 4569 538 4616 et
544 4567 679 4630 humorem,
689 4574 828 4621 oenmetum
837 4573 935 4623 aethera.
981 4576 1070 4627 liudem
1084 4578 1108 4626 et
1118 4577 1149 4626 rie
1163 4576 1246 4626 auditu
1256 4578 1339 4628 statuit
1349 4592 1377 4626 ae
1388 4579 1496 4628 rensibus
1508 4580 1612 4642 reliquie.
1627 4580 1675 4640 (to)
1683 4583 1758 4630 Porro

163 4640 233 4688 tinne
248 4653 305 4688 vere
320 4639 413 4690 radium
432 4641 505 4692 etiam
519 4644 636 4704 protunda
650 4649 774 4707 penetrare
792 4650 865 4711 alque
885 4649 938 4702 iden
981 4657 1086 4705 mentem
1096 4659 1120 4704 et
1129 4657 1233 4705 animam
1244 4657 1373 4708 lrumanam
1384 4659 1497 4707 tritariam
1505 4656 1620 4719 (lividere,
1629 4661 1652 4708 in
1663 4659 1755 4710 intelle·

164 4715 285 4766 riribeare
307 4717 396 4765 emnia.
429 4717 479 4780 (εδ)
501 4719 587 4769 Vivere
607 4720 665 4771 item
681 4723 762 4772 omnia
779 4737 834 4786 quaa
854 4725 939 4778 caloris
982 4735 1049 4783 etum
1063 4735 1088 4781 el
1102 4735 1206 4781 mentem
1216 4735 1240 4781 et
1251 4734 1366 4782 aetrnum.
1380 4736 1528 4785 intellectum
1537 4738 1617 4785 autem
1630 4737 1758 4798 atqueani-

162 4791 289 4854 partleipin
297 4795 368 4852 sunl,
378 4795 450 4856 atque
458 4794 518 4858 ‚ideo
527 4799 552 4846 et
562 4797 714 4859 plautaeessa
722 4801 856 4851 enimenim
871 4823 876 4852 z
889 4805 938 4852 ani·
982 4821 1048 4857 mum
1057 4808 1133 4856 ineaee
1141 4808 1212 4857 etiam
1225 4809 1321 4870 reliquie
1331 4811 1487 4871 animalibus,
1501 4813 1542 4860 red
1555 4815 1659 4862 mentem
1670 4813 1693 4862 iu
1707 4813 1759 4862 eolo

163 4883 229 4920 mam
239 4872 387 4922 tamennon
404 4871 590 4926 babereomnee.
603 4877 712 4928 animam
728 4892 780 4929 esee
797 4881 938 4942 particulam
984 4885 1086 4934 bomine.
1102 4887 1157 4935 Esse
1168 4887 1249 4935 autem
1264 4889 1420 4951 principatum
1428 4891 1514 4941 animae
1528 4891 1624 4941 aeorde
1636 4905 1711 4954 usqne
1727 4892 1758 4940 att

162 4947 409 5000 enaetberearnlaam
424 4955 448 5000 et
459 4953 572 5012 calidoet
583 4954 682 5017 tilgidu,
700 4958 806 5019 eoquod
821 4959 853 5009 eil
868 4961 939 5011 eimul
983 4963 1123 5022 uerebrnm‚
1134 4964 1220 5012 eteam
1231 4963 1329 5024 quidem
1337 4967 1433 5028 quem
1445 4968 1469 5016 iu
1485 4967 1557 5018 eorde
1575 4969 1648 5031 ipsine
1666 4971 1758 5030 partem

164 5026 285 5088 particeps
303 5025 388 5088 triginti
398 5027 502 5078 etheria.
516 5030 618 5081 Differre
629 5034 708 5082 autem
730 5047 744 5083 a
758 5034 808 5083 tila
819 5037 938 5100 animam,
982 5041 1089 5090 animum
1099 5053 1163 5103 ease,
1173 5045 1278 5092 mentem
1292 5057 1348 5092 vero
1363 5047 1387 5094 et
1398 5045 1546 5097 intellectum
1557 5061 1613 5110 qum
1623 5051 1679 5096 sunl
1688 5047 1712 5095 iu
1722 5049 1758 5094 ee-

276 5131 638 5170 νιιιονειιτειιιει.σιι.-νοι.
654 5135 688 5172 ιιι.
1617 5141 1640 5178 ιε
