3972 5728
845 299 1094 360 FRAGMENTA.
1711 315 1766 367 tut

172 446 233 490 cata
245 433 389 508 Hispania,
401 431 541 486 civitatem
552 432 708 485 Romanam
717 440 875 502 acceperat,
884 437 949 484 teste
994 429 1081 484 tradit
1089 429 1183 484 Livius
1199 429 1249 485 lib.
1261 430 1372 500 XLIII,
1386 430 1413 499 3,
1430 433 1478 504 crui
1490 443 1629 487 memorat
1644 433 1770 490 homines

172 525 265 578 Dione
278 520 369 576 Cassio
384 518 434 576 lib.
449 517 530 586 XLI,
543 529 571 572 et
582 527 732 590 propterea
747 519 874 588 Augusta
886 517 949 570 urbs
993 537 1079 591 super
1090 529 1224 591 quattuor
1234 520 1332 590 milha,
1348 520 1395 591 qui
1407 537 1435 574 se
1446 537 1480 574 ex
1490 519 1625 574 militibus
1636 521 1770 576 Romanis

172 611 251 665 iulia
264 609 405 662 Gaditana
414 605 550 679 appellata
560 611 567 676 i
577 605 680 658 Plinius
690 606 738 675 IV,
751 622 786 658 aa
795 600 820 678 ),
831 615 949 678 propter
994 617 1022 660 et
1036 625 1070 660 ex
1081 607 1209 678 Hispanis
1220 607 1399 674 mulieribus,
1409 625 1473 660 cum
1484 607 1586 677 quibus
1595 607 1768 664 connubium

173 716 241 770 opes
253 705 346 750 antem
355 693 455 766 insigni
465 691 594 764 praesidio
606 691 647 745 rei
658 692 791 746 Romanae
803 709 859 746 esse
867 701 947 764 pote·
994 711 1052 746 non
1064 701 1147 764 esset,
1161 703 1241 748 natos
1254 691 1466 766 profiterentur,
1483 711 1517 748 ex
1529 695 1662 766 Hispania
1673 714 1725 768 per
1736 697 1770 751 le·

173 795 226 841 rat.
243 784 305 837 Illos
319 791 391 848 erat,
406 789 440 834 ut
453 789 548 852 gentes
560 788 588 832 et
600 778 723 832 civitates
733 787 834 832 exterae
846 779 923 832 viros
934 796 959 832 a·
994 790 1072 852 gatos
1085 790 1211 835 senatum
1230 798 1354 854 rogasse,
1368 791 1401 834 ut
1422 781 1474 835 sibi
1490 779 1642 853 oppidum,
1665 784 1693 836 in
1712 773 1770 857 quo

172 871 307 926 Romanis
316 867 451 934 illustres,
464 865 512 938 qui
524 883 568 920 eas
579 866 702 938 primum
711 865 751 919 rei
761 867 895 920 Romanae
902 865 950 920 ad·
995 865 1166 938 habitarent,
1181 865 1306 924 daretur.
1320 866 1451 922 Senatum
1466 865 1636 936 decrevisse,
1649 880 1681 923 ut
1692 888 1727 924 ex
1738 873 1771 926 iis

169 958 313 1030 jecissent,
325 966 374 1010 aut
382 954 493 1008 civitate
503 954 631 1007 Romana
642 951 806 1020 donassent,
816 963 950 1025 patronos
995 952 1045 1022 qui
1062 954 1221 1007 manumissi
1236 961 1339 1022 essent,
1355 953 1490 1008 Carteiam
1505 953 1541 1009 ad
1556 955 1698 1010 Oceanum
1720 957 1771 1012 de-

172 1044 225 1098 sihi
239 1042 416 1114 adoptarent.
429 1039 495 1094 Eam
506 1038 544 1092 ob
558 1056 668 1092 causam
676 1037 806 1094 Gaditani
815 1057 948 1112 genuum
996 1037 1174 1094 ducerentur.
1200 1041 1281 1094 Hanc
1304 1040 1445 1094 coloniam
1470 1039 1684 1110 libertinorum,
1708 1061 1771 1116 qnae

173 1128 287 1186 Caesaris
294 1127 458 1200 Augustihl.
471 1126 621 1199 Angppam
629 1135 781 1198 patronum
788 1143 868 1180 suum
879 1145 950 1180 nun·
995 1126 1109 1181 Carteiae
1118 1127 1268 1194 subcrevit,
1280 1126 1357 1181 hand
1367 1125 1453 1180 dnbio
1463 1125 1662 1202 aliaedeInceps
1671 1143 1771 1188 secutae

173 1225 329 1288 cuperant,
342 1211 422 1286 quod
434 1213 551 1286 plurimi
573 1211 775 1268 Gaditanorum
789 1215 897 1268 nummi
909 1223 951 1267 te-
995 1223 1075 1284 suut,
1096 1233 1158 1287 quae
1171 1216 1323 1269 maritimas
1337 1211 1473 1288 Hispaniae
1487 1213 1572 1268 urbes
1594 1215 1770 1286 insederunt,

172 1309 289 1368 stantur,
302 1301 331 1352 iu
342 1299 444 1372 quibus
455 1299 579 1371 Agrippa
584 1309 718 1370 patronio·
727 1300 771 1352 vel
778 1317 880 1374 parens
888 1318 949 1354 mu·
996 1301 1110 1355 sortasse
1124 1303 1207 1356 etiam
1222 1319 1238 1356 a
1260 1301 1368 1356 colonis
1382 1317 1416 1355 ex
1437 1299 1531 1355 sirica
1551 1301 1637 1356 missis
1659 1314 1688 1356 et
1710 1306 1770 1376 pari

173 1388 269 1460 nicipii
295 1386 388 1441 Gadit.
411 1395 539 1442 vocatur.
559 1385 685 1457 Agrippa
706 1385 858 1440 demortuo
878 1385 951 1442 sorte
997 1387 1160 1442 conditione
1180 1389 1268 1456 natis,
1284 1386 1404 1442 subinde
1424 1398 1511 1442 auctae
1528 1398 1602 1444 sunt.
1619 1389 1773 1444 Libertinos

173 1474 322 1544 Gaditani,
333 1483 366 1528 ut
379 1469 409 1527 iia
425 1471 522 1528 eadem
537 1471 638 1526 domus
652 1471 779 1530 Cesarea
793 1475 879 1528 tutela
892 1493 951 1528 ma·
997 1478 1137 1546 municipii
1155 1473 1295 1528 Sueiitani
1314 1475 1343 1527 in
1362 1474 1496 1546 Hispania
1521 1473 1622 1529 Baetica
1646 1477 1772 1532 nominat

173 1572 287 1630 nerent,
302 1561 404 1615 Iubam
417 1577 511 1632 regem
527 1559 752 1616 substituerunt:
774 1578 865 1632 neque
883 1561 951 1614 mihi
996 1561 1141 1634 inscriptio
1156 1579 1200 1634 ap.
1215 1562 1326 1617 Reines.
1350 1577 1380 1633 p.
1408 1559 1472 1627 131,
1494 1569 1523 1614 et
1542 1561 1631 1631 Spon.
1652 1573 1720 1616 sect.
1736 1565 1771 1631 V,

174 1649 292 1704 dubium
305 1658 358 1718 est,
373 1665 461 1720 quum
474 1647 500 1701 ei
512 1645 706 1702 duumviratus
718 1647 857 1702 honorem
869 1647 952 1702 detu-
996 1665 1026 1719 p.
1042 1647 1109 1720 189,
1120 1649 1301 1703 etlteinesius
1312 1649 1508 1704 lnComment.
1520 1645 1637 1701 adhunc
1648 1649 1772 1722 inscript.

174 1736 283 1808 iissent,
298 1733 381 1789 simul
399 1744 552 1807 patronum
571 1734 690 1788 coloniae
709 1752 765 1788 suae
785 1734 948 1808 designasse.
996 1753 1026 1806 p.
1050 1733 1118 1802 136,
1142 1736 1208 1788 item
1223 1735 1253 1788 in
1274 1733 1362 1806 Epist.
1384 1733 1485 1788 XXXI
1499 1731 1535 1788 ad
1551 1729 1646 1788 ilosm.
1662 1747 1773 1804 monet,

173 1823 255 1877 Certe
264 1832 417 1894 utrumque
426 1821 452 1876 ei
464 1821 611 1895 contigisse
621 1823 651 1876 in
660 1821 712 1876 alia
731 1823 803 1877 urbe
813 1824 951 1896 Hispaniae
997 1823 1027 1874 in
1050 1823 1103 1876 alla
1133 1821 1313 1894 inscriptione
1337 1821 1510 1892 Antiquariae
1538 1821 1617 1893 Hisp.
1645 1833 1773 1894 reperta,

173 1911 326 1978 maritima,
340 1909 508 1982 Carthagine
520 1927 608 1978 nova,
622 1908 795 1965 demonstrat
804 1911 873 1983 lapis
885 1912 953 1966 anti·
996 1927 1025 1981 p.
1038 1909 1187 1976 CCCXCV,
1200 1925 1229 1966 n.
1247 1927 1273 1978 7,
1286 1918 1314 1962 et
1326 1926 1355 1980 p.
1371 1907 1568 1974 ccccxxvi,
1583 1925 1612 1964 n.
1628 1909 1658 1978 8,
1667 1911 1773 1980 pariter

173 2016 246 2071 quus
259 2016 291 2054 ea
304 1999 334 2052 in
348 1997 420 2052 urbe
437 2006 579 2068 repertus,
594 1995 672 2068 cujus
688 1997 899 2070 inscriptionem
917 2017 953 2053 ex
996 1997 1208 2052 LibertInorum
1221 1996 1393 2051 mentionem
1408 1991 1478 2051 fieri.
1495 1995 1620 2050 Fortasse
1637 1993 1772 2051 Gaditana

172 2087 295 2141 heinesii
308 2086 451 2158 Syutagrn.
466 2103 495 2157 p.
511 2083 583 2156 329,
601 2084 647 2140 hic
659 2085 793 2159 integram
813 2087 951 2140 transcri-
998 2083 1109 2138 colonIa
1129 2101 1208 2156 aeque
1229 2101 1261 2138 ac
1275 2082 1507 2156 CarthagIniensis
1521 2081 1623 2136 multos
1637 2080 1774 2153 ejusmodi

174 2173 238 2228 bam
255 2192 262 2226 :
998 2170 1145 2226 libertinos
1153 2170 1262 2246 habuit,
1272 2167 1573 2243 eosqueehlauritania
1585 2168 1774 2243 Numidiaque

997 2256 1157 2326 naductos,
1170 2255 1247 2310 unde
1259 2257 1333 2311 ratio
1352 2257 1445 2328 ailqua
1460 2256 1554 2327 potuit
1568 2271 1640 2324 esse,
1656 2273 1707 2310 cur
1720 2257 1774 2310 Ju-

997 2343 1062 2398 bam
1071 2361 1167 2417 regem
1176 2343 1426 2398 sibiDuumrirum
1434 2351 1462 2396 et
1470 2343 1622 2397 Patronum
1634 2349 1774 2415 optarent.

998 2429 1136 2486 Gaditano
1148 2429 1228 2484 Iubae
1242 2430 1346 2485 honori
1360 2427 1466 2484 addere
1484 2445 1630 2500 possumus
1643 2427 1743 2498 alium,
1760 2448 1775 2484 a

996 2519 1146 2592 peregrina
1167 2525 1249 2591 gente
1263 2519 1289 2572 ei
1310 2515 1476 2572 exhibitam.
1499 2514 1610 2589 Quippe
1630 2517 1775 2572 Pausanias

999 2604 1043 2681 (1,
1067 2623 1116 2675 17,
1132 2603 1167 2679 a)
1189 2613 1327 2659 memorat
1342 2603 1458 2658 Athenis
1478 2605 1507 2656 in
1520 2603 1679 2677 gymnasio,
1698 2603 1775 2676 quod

998 2693 1180 2748 Ptolemaeum
1197 2701 1327 2759 vocatur,
1342 2693 1424 2744 iubae
1439 2691 1542 2756 Libyco
1562 2701 1678 2745 statuam
1694 2690 1776 2744 luisse

998 2783 1127 2854 positam.
1147 2805 1158 2829 n
1177 2811 1216 2820 -
1227 2779 1338 2834 Dictum
1351 2780 1424 2851 regis
1434 2779 1553 2832 servarit
1571 2777 1775 2849 Quinctilianus

1000 2865 1061 2944 ivl,
1076 2867 1108 2936 3,
1126 2865 1182 2942 90)
1197 2883 1204 2922 :
1217 2867 1322 2924 lube...
1337 2871 1486 2938 quoerenti,
1502 2865 1577 2937 quod
1589 2866 1626 2917 ab
1644 2883 1711 2938 equo
1724 2883 1773 2917 sico

998 2967 1068 3009 esset
1089 2955 1248 3027 adspersus,
1274 2954 1350 3022 Quid
1364 2963 1406 3018 tu,
1429 2955 1531 3025 inquit,
1554 2969 1598 3004 me
1617 2953 1774 3023 Hippocen-

1001 3054 1108 3096 taurum
1119 3042 1224 3114 putari

175 3137 345 3210 Singulatim
358 3138 465 3206 litem,
480 3155 543 3210 quae
562 3153 645 3192 versu
658 3139 759 3209 quinto
784 3147 952 3205 occurrunt,
1039 3131 1179 3184 Hactenus
1193 3127 1229 3183 tle
1240 3145 1306 3201 rege
1317 3123 1569 3203 Zapttmtitqt3jam
1589 3124 1624 3179 de
1638 3125 1775 3196 scripture

176 3225 321 3280 Reinesius
340 3225 370 3278 in
384 3223 477 3279 indice
497 3225 677 3296 interpretari
700 3232 789 3278 lentat
811 3242 818 3276 ς
841 3225 955 3279 Nomia!
999 3217 1152 3272 videamus.
1173 3217 1244 3271 Nam
1260 3215 1408 3268 studiorum
1426 3215 1554 3266 claritate
1574 3212 1777 3266 memorabilior

176 3313 245 3382 ΕΜ
254 3312 415 3366 Ponendum
423 3312 631 3384 Dicandumque
640 3312 786 3365 iusserunt
790 3327 801 3377 ,·
813 3309 952 3383 Sponius:
999 3310 1083 3359 etiam
1099 3321 1182 3376 quam
1193 3321 1276 3376 regno
1286 3301 1339 3356 fuit
1355 3298 1473 3376 (Plinius
1479 3303 1511 3367 V,
1526 3319 1550 3356 1.
1565 3299 1601 3356 fr.
1616 3317 1651 3367 27
1663 3297 1689 3372 l,
1710 3293 1775 3373 ἀνὴρ

176 3400 294 3454 Numini
306 3400 375 3470 Ejus
390 3401 545 3454 Plurimum
557 3399 654 3452 Deroti
664 3399 817 3452 iusserunt.
839 3395 895 3452 Sed
913 3397 954 3452 hae
999 3387 1226 3463 subrusticum<
1251 3389 1355 3445 dlcitur
1374 3388 1505 3444 Athcnaeo
1526 3387 1599 3460 (ΠΙ,
1616 3405 1647 3458 p.
1671 3383 1719 3450 83,
1743 3385 1776 3442 Β·

176 3485 306 3540 formula
319 3487 411 3540 minus
421 3485 554 3540 videntur
568 3485 719 3540 convenire
730 3484 822 3538 verbis
833 3501 953 3556 sequen·
1000 3477 1035 3532 ft·
1051 3477 1087 3532 25
1097 3480 1121 3550 l;
1134 3477 1282 3532 Plutarcho
1295 3485 1335 3530 esi
1347 3475 1360 3529 ὁ
1370 3469 1473 3528 πάντων
1485 3467 1684 3547 ἱστορῑκῶτατος
1698 3471 1773 3548 βασι·

178 3574 270 3642 tibus,
294 3572 398 3646 quibus
418 3573 492 3627 tituli
520 3572 599 3626 Iubae
622 3572 832 3628 continuantur.
858 3571 955 3644 Itaque
999 3555 1774 3640 iiurisertor.c.9.lr.19).Scripsitnoliiinaivo,uti

420 2317 493 2359 REGI
515 2317 599 2358 JUBAE
621 2318 705 2360 uncta

413 2405 496 2447 JUBAE
519 2404 600 2446 stato
623 2403 715 2446 aucis

352 2491 537 2534 ntaursstls
553 2493 584 2536 tt.
608 2492 678 2537 BHG.
700 2493 772 2536 GAV-

374 2577 546 2622 PROHBPOTI
568 2579 659 2621 asota
682 2581 755 2622 HAS!

306 2667 399 2709 HISSAE
419 2665 574 2708 aanssrort
597 2667 628 2707 II.
651 2667 677 2708 tt.
699 2666 728 2708 P.
751 2667 779 2706 l).
803 2666 823 2706 t.

367 2751 391 2794 II
410 2753 464 2794 vta
484 2752 594 2806 QllllIQ.
615 2751 760 2796 Patrono

491 2839 630 2880 COLONIAE

413 2925 523 2968 cotortt
538 2928 576 2968 Er
595 2926 715 2968 INCOLAE

480 3013 650 3054 statuatur.

178 3661 252 3714 malo
277 3677 285 3716 ε
310 3661 391 3714 Nunc
410 3659 505 3714 Etiam
530 3660 645 3714 Publice
662 3660 844 3712 Decurionum
861 3657 952 3714 iussu.
1000 3651 1155 3708 Suidasait.
1171 3651 1456 3706 commemorantur:

177 3745 325 3848 Quidquid
335 3744 425 3814 idest,
436 3745 557 3850 lapishic
566 3744 677 3800 dicatur
685 3744 769 3848 luite
777 3745 846 3818 Regi
855 3745 956 3845 Quum·
1041 3798 1062 3838 t.
1086 3773 1254 3854 Ῥωμαῖκὴ
1265 3775 1403 3854 ἱστορία,
1415 3775 1569 3830 Ηὴήεωὶῃ.
1582 3775 1620 3828 H·
1633 3775 1677 3830 Fr,
1693 3792 1774 3828 Mo·

178 3851 236 3888 viro
247 3833 470 3932 Quinquennah,
486 3835 609 3933 Patrono
621 3834 754 3888 Colonioe.
768 3830 853 3903 Quod
865 3851 955 3905 ipsum
1041 3885 1065 3924 π.
1087 3863 1113 3924 Ἄ
1121 3885 1197 3944 w„
1205 3885 1212 3919 ι
1219 3885 1234 3919 α
1242 3861 1295 3934 κά,
1307 3865 1385 3919 „hris
1398 3864 1435 3919 H·
1447 3863 1494 3920 F,
1509 3881 1525 3916 2
1532 3878 1555 3916 ι,
1562 3879 1610 3916 η

178 3919 343 3986 confirmat,
359 3937 408 3991 qur
429 3919 514 3993 plane
531 3919 606 3974 idem
619 3919 746 3993 prefert,
759 3937 891 3975 nummus
905 3937 954 3974 an·
1042 3977 1064 4013 3·
1085 3948 1223 4020 Αιόυκά,
1235 3952 1314 4006 ,ibris
1327 3953 1393 4006 mm,
1410 3950 1463 4005 „L
1474 3949 1524 4006 Fr·
1539 3946 1638 4002 2333·

180 4006 296 4078 “quma
305 4005 444 4073 Gmro’
454 4007 525 4079 Reg'
534 4007 604 4061 min·
614 4015 689 4079 ΒΜ·
700 4005 769 4062 Tab'
780 4007 834 4073 ω’
845 4003 893 4078 fig‘
909 4003 954 4074 18’
1040 4059 1062 4096 t.
1082 4043 1124 4094 De
1147 4041 1253 4094 Arabia
1264 4044 1317 4092 sire
1331 4039 1372 4092 De
1389 4037 1565 4108 expeditione
1576 4032 1710 4090 Arabico.
1730 4035 1775 4088 Fr.

179 4103 231 4157 eta
243 4091 378 4146 Liebioin
391 4092 477 4149 Goth.
489 4109 606 4165 nump.
622 4097 656 4156 [μ
668 4093 839 4165 propositus,
852 4093 954 4147 etCar·
1003 4129 1018 4184 3
1045 4129 1072 4184 16

180 4179 286 4251 thsgini
304 4179 390 4232 Novae
403 4177 480 4258 haud
498 4189 600 4234 temere
614 4179 782 4252 adscriptus,
799 4179 888 4251 quiin
902 4177 955 4234 ad·
1021 4149 1053 4272 9⁵
1076 4147 1128 4270 71⁸4,
1144 4217 1252 4285 „moga
1277 4215 1314 4268 F,
1338 4211 1408 4266 ,33‘6

180 4263 846 4338 versapartelloremlotiexhibetcuminscript.
863 4264 957 4322 :iuna
1057 4259 1063 4272 '
1125 4235 1140 4285 l
1254 4255 1261 4270 ⁸
1317 4255 1324 4270 ⁸
1411 4231 1439 4284 9⁸

182 4370 238 4406 arx
251 4348 328 4406 June
349 4369 374 4408 r.
390 4348 417 4405 ll
434 4370 464 4408 v.
480 4370 530 4422 Q,
548 4353 675 4406 duumuir
686 4355 910 4426 quinquennalis,
928 4357 957 4410 in

180 4456 299 4494 aversa:
321 4435 374 4494 Cr.
394 4437 535 4495 siruamus
550 4437 653 4496 Ponrr.
672 4437 697 4495 ll
723 4459 750 4496 v.
766 4458 794 4504 o.
809 4437 955 4513 pontifex,

180 4527 308 4579 duumvir
317 4528 542 4597 quinquennalis,
558 4545 623 4580 cunr
637 4528 827 4582 instrumentis
839 4527 957 4600 pontili-
1002 4566 1068 4620 vm
1095 4565 1133 4619 Fr
1178 4581 1207 4616 0·
1232 4581 1248 4616 Ἄ

181 4611 288 4667 calibus
300 4621 444 4683 quattuor.
458 4613 499 4666 Ex
513 4629 571 4684 quo
586 4613 872 4688 intelligimus,Jubae
886 4617 958 4689 regis
1072 4604 1079 4622 ⁸
1136 4581 1173 4632 '7
1212 4581 1257 4631 7⁸

1041 4319 1064 4360 a.
1087 4305 1128 4356 De
1140 4301 1300 4374 Eupirorbia
1312 4299 1407 4356 herba.
1425 4299 1473 4356 Fr.
1490 4315 1536 4365 27.

1043 4407 1067 4448 7.
1086 4387 1163 4464 Περὶ
1180 4388 1268 4444 ὀποῦ.
1283 4389 1348 4444 Not.
1361 4385 1397 4440 ad
1409 4386 1443 4442 lr.
1457 4403 1505 4454 ²7·

1041 4496 1064 4535 s.
1084 4471 1336 4552 Περὶγραφικῆς
1349 4469 1432 4550 (Περὶ
1445 4465 1608 4548 ζωγράφων),
1621 4467 1775 4523 librismin.

1041 4672 1064 4710 a.
1087 4646 1222 4725 θεατρικὴ
1232 4645 1341 4724 ἱστορία,
1351 4648 1429 4702 libris
1441 4648 1509 4702 min.
1519 4645 1609 4700 XVII.
1623 4643 1671 4698 Fr.
1683 4639 1777 4709 73-83.

1043 4757 1077 4796 to.
1099 4734 1284 4812 Ὀμοιότητες,
1297 4735 1375 4790 libris
1387 4735 1456 4790 min.
1466 4735 1528 4798 XV,
1540 4733 1587 4788 Fr.
1604 4726 1707 4784 85-86.

1043 4844 1076 4896 tt.
1100 4823 1166 4901 Περὶ
1179 4827 1272 4901 φθορᾶς
1286 4819 1392 4888 λέξεως,
1407 4822 1485 4876 libris
1494 4821 1563 4875 min.
1577 4819 1614 4872 ll.
1629 4816 1652 4873 F
1654 4834 1676 4870 r.
1691 4816 1749 4882 87„

1044 4931 1077 4970 ta.
1100 4909 1285 4983 Ἐπίγραμμα.
1300 4911 1345 4964 Fr.
1361 4909 1409 4972 84.

182 4701 212 4754 in
220 4699 402 4752 duumviratu
411 4697 585 4772 Carthaginis
593 4700 728 4773 collegam
738 4699 819 4756 luisse
826 4700 875 4755 Cn.
886 4699 959 4756 Atel·

182 4787 264 4850 lium,
280 4801 401 4856 eumque
412 4782 586 4856 pontificem.
606 4787 661 4856 Qui
678 4795 892 4840 monumentum
911 4805 958 4840 su-

181 4873 277 4944 perius
294 4872 319 4925 ei
332 4881 505 4942 posuerunt,
519 4871 653 4928 dicuntur
667 4875 756 4926 coloni
767 4884 795 4927 et
808 4874 907 4926 incoloe
924 4875 956 4926 li-

183 4961 294 5012 bertini.
304 4959 448 5030 Frequens
458 4959 654 5014 libertinorum
662 4977 765 5014 nornen
776 4977 827 5032 per
835 4960 959 5014 colonias

184 5046 346 5118 Hispanicas
360 5056 410 5100 est.
426 5047 525 5100 Ortum
538 5065 635 5100 eorum
647 5057 673 5100 et
684 5049 802 5119 primam
818 5048 957 5100 coloniam
1043 5045 1195 5098 Humanam
1212 5043 1359 5095 Historiam
1380 5037 1415 5093 ab
1430 5035 1624 5109 antiquissimis
1641 5033 1775 5108 tempori-

1640 5165 1673 5202 it).
