3940 5722
199 299 236 353 ie
804 280 953 341 Dioclis
975 278 1204 340 ΡΕΡΑΝΕΤΗΙΙ

200 420 293 492 ιθτίν.
320 418 372 480 ilai
391 416 478 494 μέντοι
496 413 542 472 καί
559 411 603 472 τδν
617 410 673 470 θεὸν
693 413 809 488 ἐντυχεῖν
830 409 980 489 λίγεταιτῆ
1027 409 1069 484 δέ,
1090 407 1231 484 θυμοειδεῖς
1245 397 1312 475 ἦσαν
1332 403 1491 482 ἀμφότεροι,
1505 400 1551 459 καί
1572 399 1727 482 φρονήματα
1741 399 1806 482 πρδς

198 507 319 582 γυναικί,
335 504 380 564 καὶ
394 505 516 562 κελεῦσαι
528 499 640 580 βαδίζειν
656 497 734 557 ἕωθεν
748 497 791 556 int
810 497 858 568 τὴν
872 497 980 578 ἀγορὰν,
1026 495 1059 554 τδι
1076 493 1218 574 φαινόμενα
1241 488 1328 566 trivi,
1348 489 1392 548 καί
1416 489 1516 564 τόλμαν
1536 485 1601 555 δλως
1626 489 1805 562 ἀνέκπληκτον

199 596 245 655 καὶ
258 594 302 652 τὸν
315 591 503 662 ἀπαντήσαντα
525 591 628 668 πρῶτον
648 585 837 662 ἀσπασαμένην
851 588 980 644 ποιεῖσθαι
1026 579 1128 659 ίχοντες
1137 581 1168 636 ’ὁ
1182 577 1209 636 δέ
1224 577 1358 654 Ῥωμύλος
1369 573 1461 654 γνώμῃ
1472 598 1500 634 τε
1514 579 1627 656 χρῆσθαι
1639 579 1738 654 μᾶλλον
1749 577 1806 638 ἐδό-

201 681 284 762 φίλον.
300 678 459 749 Ἀπίντησεν
470 667 514 736 σύν
526 678 593 756 αὐτῇ
604 678 656 734 τῶν
668 673 781 732 πολιτῶν
796 671 862 751 ἀνὴρ
876 665 980 742 ἡλικίας
1026 691 1083 740 κει,
1101 667 1145 726 καί
1159 663 1295 734 πολιτικὴν
1310 661 1379 742 ἔχειν
1399 661 1516 736 σύνεσιν,
1536 667 1562 722 ἐν
1576 672 1632 730 ταῖς
1646 665 1705 746 περὶ
1726 665 1806 743 νομὰς

201 791 230 826 τε
243 766 332 846 πόρρω
346 765 435 836 ἥκων,
449 763 496 822 καί
511 758 668 840 συνειλοχὼς
677 760 766 819 ούθίσν
781 757 888 829 ίκανίν·
902 758 981 824 ἀπσις
1029 752 1075 813 καὶ
1086 751 1208 829 κυνηγίας
1219 751 1283 830 πρὸς
1303 749 1360 816 τοὺς
1374 754 1537 826 γειτνιῶντας
1552 751 1691 827 ἐπιμιξίαις
1704 751 1806 825 πολλὴν

203 853 229 912 δὲ
253 853 298 912 καί
323 850 456 932 βεάιωκθις
475 849 537 908 ἄνευ
554 847 687 928 γνναικδς,
701 846 784 922 ὄνομα
808 844 978 924 Ταρρούτιος.

201 932 287 1008 Οίιτος
298 939 365 1018 ἔγνω
379 939 426 1009 τίν
444 939 605 1017 Λαρεντίαν,
619 935 665 994 καὶ
682 933 821 1011 ῆγείπησε,
837 932 882 991 καί
894 935 980 991 τελευ-

202 1032 254 1086 τῶν
271 1025 383 1085 ἀπέλιπε
396 1023 556 1106 κληρονόμον
574 1023 617 1082 ἐπί
631 1025 737 1088 πολλοῖς
748 1019 793 1079 καί
809 1021 897 1086 καλοῖς
916 1018 981 1090 κτί-

191 1138 299 1192 .μασιν,
311 1105 346 1171 ῶν
362 1113 447 1183 ἐκείνη
462 1112 495 1169 τὰ
508 1113 618 1169 πλεῖστα
631 1113 669 1190 τῷ
684 1109 760 1188 δήμῳ
777 1106 845 1166 κατὰ
858 1105 982 1176 διαθήκας

203 1204 293 1262 έδωκε.
314 1199 426 1278 Λέγεται
442 1198 469 1257 δὲ
483 1197 564 1268 αιἰτλν
576 1197 674 1264 ἔνδοξον
688 1187 767 1253 ούσαν
787 1195 854 1268 ἤδη,
868 1192 914 1252 καί
926 1200 980 1252 θεο·

202 1289 264 1368 φιλῆ
276 1286 461 1365 νομιζομένην,
474 1289 560 1366 ἀφανῆ
572 1285 691 1362 γενέσθαι
701 1281 761 1360 περί
775 1287 864 1340 τοῦτον
877 1280 922 1338 τδν
937 1281 981 1339 τό·

202 1397 269 1450 πον,
287 1377 313 1432 ἐν
327 1366 350 1454 ᾧ
365 1373 411 1430 καί
424 1372 471 1443 τὴν
486 1369 613 1451 προτέραν
635 1369 735 1440 ἐκείνην
758 1369 903 1446 Λαρεντίαν
924 1369 980 1426 κεῖ-

203 1467 273 1522 σθαι.
288 1465 416 1520 Καλεῖται
427 1460 454 1518 δέ
466 1466 509 1518 νῦν
521 1458 622 1526 δτόπος
629 1457 765 1536 Βίλανρον
775 1502 783 1528 ,
795 1454 834 1513 ότι
843 1461 887 1513 τοῦ
900 1479 980 1514 ποτα·

204 1553 254 1624 μόῦ
268 1547 394 1615 πολλάκις
408 1545 615 1627 θπερχεομένου,
631 1549 823 1624 διεπεραιοῦντο
835 1542 982 1622 πορθμείοις

203 1635 273 1694 κατίε
289 1641 365 1695 τοῦτο
378 1635 408 1694 τδ
421 1634 517 1714 χοιρίον
530 1635 565 1701 εές
577 1631 684 1710 ἀγοροίν.
700 1635 725 1690 Τ
726 1631 758 1701 ὴν
778 1629 804 1688 δὲ
818 1629 980 1708 πορθμείαν,

205 1719 369 1802 βηλστούραν
391 1723 524 1779 καλοῦσιν.
548 1716 632 1778 Ἔνιοι
652 1716 679 1776 δὲ
699 1717 804 1792 λέγουσι
819 1715 866 1786 τίν
889 1717 924 1781 είς
938 1715 981 1772 τὸν

203 1807 364 1885 ἱππόδρομον
379 1803 506 1884 φέρουσαν
519 1803 545 1872 ἐξ
563 1807 658 1883 ἀγορᾶς
671 1801 784 1881 πόροδον
797 1798 888 1864 ίοτίοις
899 1819 983 1856 κατα-

204 1891 360 1952 πεταννύναι
372 1891 429 1958 τοὺς
442 1891 489 1962 τλν
501 1890 562 1949 θίαν
580 1889 756 1969 παρέχοντας,
770 1891 886 1946 ἐντεῦθεν
902 1887 981 1964 ἀρχα·

205 1979 308 2055 μένους.
325 1977 512 2055 Ῥωμαϊστίδδ
529 1977 559 2036 τδ
568 1978 648 2036 ἱστίον
662 1979 741 2056 βῆλον
753 1973 918 2050 ὀνομάζουσι.
932 1973 983 2032 bii

204 2071 288 2126 ταῦτα
307 2065 354 2143 μίν
368 2063 422 2144 ίχει
435 2064 512 2142 epi<
530 2062 668 2144 ἡδευτίρα
684 2062 815 2142 Λαρεντία
830 2060 904 2140 παρὰ
914 2060 984 2123 Ῥω-

1026 845 1117 900 inuret
1127 838 1250 918 παρέχων
1266 835 1424 907 κατανόησιν
1438 841 1593 914 ἡγεμονικοῦ
1606 839 1706 912 μᾶλλον
1720 837 1805 910 ἢπει-

1026 932 1151 1006 θαρχικοῦ
1166 925 1241 1006 φύσει
1254 923 1397 1002 γεγονότος.
1418 923 1465 983 bii
1478 931 1530 989 τοῖς
1545 923 1591 1000 μίν
1605 925 1745 1005 ὁμοφύλοις
1760 926 1806 984 καί

1026 1018 1214 1096 ταπεινοτέροις
1232 1015 1382 1094 προσφιλεῖς
1393 1005 1474 1084 ἦσαν,
1494 1013 1635 1082 ἐπιστάτας
1648 1013 1675 1071 δὲ
1694 1015 1739 1073 καί
1752 1015 1806 1074 διό-

1027 1127 1090 1169 πους
1103 1101 1251 1182 βασιλικούς
1263 1101 1308 1160 καί
1319 1100 1482 1180 ἀγελοίρχας,
1492 1103 1526 1167 ὣς
1538 1099 1619 1176 μηδὲν
1630 1103 1715 1159 αὐτῶν
1726 1104 1806 1182 ἀρετῇ

1028 1190 1211 1270 διαφέροντας,
1234 1192 1469 1268 ὑπερφρονοῦντες,
1486 1186 1540 1244 οὔτ’
1560 1189 1666 1258 ἀπειλῆς
1687 1189 1807 1268 ἐφρόντι-

1027 1281 1068 1347 ζον
1092 1277 1149 1335 οὔτε
1164 1279 1251 1357 ὀργῆς.
1276 1275 1411 1354 Ἐχρῶντο
1431 1273 1460 1331 δὲ
1477 1273 1620 1354 διατριόαῖς
1639 1275 1683 1333 καί
1698 1275 1808 1343 διαίταις

1028 1363 1190 1445 ἐλευθερίοις,
1208 1365 1237 1420 σύ
1259 1360 1306 1432 τίν
1328 1361 1427 1439 σχολὴν
1447 1359 1589 1442 ἐλευθέριον
1610 1361 1749 1440 ἡγούμενοι
1762 1364 1809 1422 καί

1028 1451 1076 1522 τῆν
1095 1452 1219 1520 ἀπονίαν,
1239 1447 1306 1506 ἀλλά
1320 1449 1452 1524 γυμνάσια
1464 1448 1509 1506 καλ
1523 1447 1602 1527 θίρας
1618 1449 1661 1506 καὶ
1680 1449 1807 1528 δρόμους,

1027 1539 1072 1596 καί
1085 1537 1115 1596 rb
1131 1535 1229 1616 λῃστὰς
1243 1533 1397 1606 ἀλέξασθαι,
1411 1534 1456 1592 καί
1470 1536 1576 1601 κλῶπας
1590 1535 1673 1610 ίλεῖν,
1693 1535 1738 1594 καί
1751 1537 1809 1616 βίας

1028 1624 1157 1694 ἐξελέσθαι
1175 1623 1233 1690 τούς
1247 1621 1439 1700 ἀδικουμένους.
1457 1612 1546 1680 Ἦσαν
1557 1619 1589 1693 δὴ
1604 1619 1647 1678 διθ
1662 1627 1746 1682 ταῦτα
1757 1645 1809 1680 πτ-

1028 1711 1153 1792 ριόόητοι.

1070 1797 1214 1874 Γενομένης
1238 1795 1266 1854 δέ
1290 1817 1358 1861 τινος
1374 1794 1443 1874 πρός
1460 1792 1519 1862 τοὺς
1540 1793 1693 1874 Νομίτορος
1717 1799 1808 1875 βουκὸ·

1028 1887 1087 1952 λους
1109 1889 1162 1951 τοῖς
1187 1881 1325 1960 Ἀμουλίου
1344 1884 1468 1962 διαφορᾶς
1490 1880 1535 1939 καί
1556 1881 1729 1961 βοσκημάτων
1750 1883 1809 1942 ἀλέ-

1029 1996 1108 2048 σεως,
1123 1975 1169 2031 οὐκ
1184 1969 1373 2049 ἀνασχόμενοι,
1391 1967 1567 2046 συγκόπτουσι
1585 1969 1632 2046 μέν
1650 1967 1742 2038 αὐτούς
1763 1970 1809 2029 καὶ

1028 2060 1180 2138 τρέπονται,
1193 2054 1383 2132 ἀποτέμνονται
1397 2055 1425 2114 δέ
1442 2060 1488 2127 τῆς
1500 2055 1573 2123 λείας
1584 2055 1694 2134 συχνίν.
1711 2055 1809 2133 Ἀγαν-

206 2153 301 2229 μαίοις.
1030 2153 1165 2212 ακτοῦντος
1176 2145 1207 2204 ’δθ
1222 2149 1267 2203 τοῦ
1288 2144 1456 2223 Νομίτορος,
1480 2141 1643 2221 ὠλιγώρουν·
1658 2148 1768 2218 συνῆγον
1783 2144 1811 2202 δὲ

245 2239 288 2300 Tb
303 2239 330 2298 δὲ
345 2239 426 2319 βρέφη
446 2238 602 2304 Φαυστύλος
624 2236 761 2312 Ἀμουλίου
777 2236 904 2316 συφορόθς
916 2235 985 2293 ἀνεί-
1030 2234 1075 2292 καλ
1094 2231 1283 2314 προσεδέχοντο
1306 2229 1416 2297 πολλοὺς
1438 2230 1484 2308 μὲν
1508 2229 1633 2310 ἀπόρους,
1652 2230 1763 2298 πολλοὺς
1783 2232 1810 2306 δὲ

206 2331 267 2387 luo
286 2325 373 2384 λαθὼν
399 2325 529 2392 δίπαντοις·
549 2328 585 2392 ὡς
604 2324 626 2382 δ’
644 2323 707 2382 ἔνιοι
725 2324 788 2403 φασί
808 2327 859 2381 τῶν
879 2321 984 2382 εἰκότων
1031 2320 1151 2396 δούλους,
1166 2320 1276 2399 θράσους
1290 2321 1466 2376 ἀποστατικοῦ
1482 2319 1526 2376 καί
1548 2317 1711 2398 φρονήματος
1728 2317 1812 2398 ἀρχδις

206 2413 326 2491 ἐχόμενοι
337 2413 450 2489 μᾶλλον,
464 2411 559 2478 εἰδότος
571 2416 616 2470 τοῦ
630 2409 783 2489 Νομίτορος
795 2410 840 2466 καὶ
855 2431 984 2488 ουγχορη-
1031 2407 1178 2474 ἐνδιδόντες.
1192 2410 1246 2466 Τοῦ
1259 2405 1285 2464 δὲ
1298 2405 1436 2482 Ῥωμύλου
1448 2405 1512 2484 πρός
1518 2429 1576 2464 τινα
1590 2405 1680 2464 θυσίαν
1695 2409 1811 2485 ἀποτρα·

206 2503 311 2574 γοῦντος
324 2497 418 2577 τροφδς
433 2497 518 2578 κρύφα
541 2504 596 2563 τοῖς
609 2495 742 2576 τρέφουσι.
770 2497 824 2556 Καὶ
838 2495 986 2576 γράμματα
1031 2495 1146 2572 πομίνου
1170 2495 1232 2572 (καὶ
1251 2485 1282 2564 ἦν
1303 2491 1353 2572 γδρ
1374 2493 1511 2573 φιλοθύτης
1533 2493 1579 2551 καί
1609 2493 1764 2570 μαντικός),
1788 2497 1812 2552 oi

208 2573 329 2662 λέγονταί
340 2585 385 2644 καί
404 2586 489 2644 τοίλλα
510 2584 648 2660 μανθοίνειν
670 2588 694 2642 οἱ
714 2585 805 2649 παῖδες
825 2585 861 2650 είς
875 2583 986 2648 Γαόίους
1032 2587 1076 2640 τοῦ
1095 2582 1247 2659 Νομίτορος
1261 2583 1368 2660 βοτῆρες
1385 2582 1422 2659 τῷ
1437 2577 1536 2660 Ῥώμῳ
1551 2581 1608 2656 μετ’
1624 2581 1717 2659 ὀλίγων
1735 2584 1814 2659 βαδί-

208 2671 388 2750 κομισθέντες,
401 2671 450 2730 ὅσα
463 2673 517 2752 χρὴ
531 2671 589 2738 τοῦς
601 2665 630 2730 εὖ
640 2670 785 2750 γεγονότας.
808 2673 944 2743 Κληθῆναι
959 2669 985 2730 δὲ
1033 2673 1114 2740 ζοντι,
1128 2667 1316 2748 προστυχόντος
1329 2667 1468 2748 ἐμάχοντο.
1485 2666 1539 2728 Καί
1548 2667 1690 2746 γενομένων
1704 2671 1813 2747 πληγῶν

208 2761 253 2819 καί
271 2761 377 2830 τούτους
398 2761 450 2820 ἀπὸ
471 2767 516 2832 τῆς
538 2764 618 2832 θηλῆς
637 2764 769 2837 ἱστοροῦσι
782 2758 922 2836 Ῥωμύλον
941 2759 986 2816 καί
1034 2757 1079 2814 καὶ
1095 2755 1250 2834 τραυμοίτων
1263 2757 1290 2812 ἐν
1304 2753 1474 2834 ἀμφοτέροις,
1487 2755 1634 2836 ἐκράτησαν
1648 2759 1672 2814 οί
1688 2761 1734 2813 τοῦ
1749 2760 1811 2818 Νο-

207 2849 329 2924 Ῥῶμον,
353 2848 393 2908 ότι
407 2849 559 2921 θηλοίζοντες
577 2848 700 2928 ὤφθησαν
721 2846 750 2904 τό
767 2845 865 2926 θηρίον.
882 2844 917 2905 ‘il
939 2844 986 2920 μέν
1036 2843 1160 2955 μίτορος,
1176 2841 1222 2901 καὶ
1236 2839 1377 2900 συνίλαύον
1389 2845 1472 2909 ζῶντα
1487 2841 1529 2900 τὸν
1541 2842 1658 2918 Ῥῶμον.
1671 2843 1813 2922 Ἀναχθέν-

207 2926 251 2994 eiii
265 2939 292 2994 ἐν
301 2943 354 3002 τοῖς
365 2938 485 3012 σώμασιν
499 2938 630 3014 εὐγένεια,
644 2936 690 2994 καλ
703 2934 802 3004 νηπίων
820 2933 919 3004 όντων,
937 2934 987 2990 εὐ-
1033 2951 1075 2996 τος
1085 2953 1128 2987 ουν
1138 2932 1214 2988 αὐτοῦ
1229 2928 1291 3008 πρὸς
1304 2929 1348 2986 τὸν
1357 2927 1512 3007 Νομίτορα,
1524 2931 1569 2988 καί
1579 2933 1813 3010 κατηγορηθέντος,

209 3023 252 3090 tic
276 3022 393 3103 ἐξέφαινε
416 3023 518 3100 μεγέθει
542 3022 587 3081 καί
603 3022 659 3101 ἰδέα
673 3021 720 3092 τὴν
734 3021 820 3102 φύσιν.
845 3017 987 3094 Αύξόμενοι
1035 3015 1169 3094 αδτθςμθν
1185 3015 1571 3094 ούκέκόλασε,χαλεπδνόντα
1587 3016 1814 3083 δεδιὼςτθνάδελ-

208 3189 287 3238 cuiem
306 3201 388 3238 revere
406 3202 463 3236 mm
487 3188 565 3250 puelle
590 3199 757 3248 congressum,
775 3184 873 3246 iussisse
890 3195 943 3232 enm
959 3181 989 3231 ed
1034 3179 1289 3242 mcimeerent,ecres
1303 3181 1409 3230 ambcei
1422 3182 1508 3243 fortes,
1522 3182 1634 3244 etquecd
1650 3182 1745 3243 obiectu
1754 3184 1814 3244 peri·

208 3265 287 3324 iprum
300 3277 409 3313 menese
426 3265 550 3324 conterre,
563 3267 587 3312 et
601 3264 625 3310 in
643 3275 716 3324 quem
733 3261 854 3310 incidiset
870 3259 989 3323 primum,
1034 3259 1089 3308 enin
1096 3259 1239 3322 magnanimi
1246 3260 1474 3324 inerunt,pioneque
1482 3261 1601 3323 intrepidi.
1610 3260 1814 3312 Romulustumen

208 3354 264 3396 euru
275 3341 357 3397 osculo
365 3339 422 3389 dein
431 3340 535 3390 amicitie
549 3339 594 3388 sibl
604 3338 712 3400 iungere.
727 3338 840 3387 occurrit
855 3339 878 3386 ei
891 3335 989 3398 qnidam
1035 3335 1210 3398 praecellentior
1223 3336 1334 3398 consilio,
1345 3339 1370 3386 et
1378 3337 1443 3386 cirili
1455 3337 1580 3402 prudentie
1591 3337 1705 3400 preditus
1714 3338 1816 3390 iubebo·

208 3431 240 3471 ex
252 3417 346 3466 civibus
360 3429 448 3478 magno
459 3419 518 3465 nutu
534 3417 560 3464 et
576 3415 634 3464 setis
646 3415 788 3477 opulentus,
802 3414 881 3464 liberis
892 3413 990 3476 quidem
1035 3415 1085 3474 tur,
1096 3413 1194 3474 ricinis,
1206 3412 1351 3476 quibuscum
1361 3414 1424 3464 inter
1435 3428 1521 3477 pnscun
1530 3417 1555 3464 et
1568 3415 1706 3465 uenationes
1716 3416 1815 3468 tabeel

208 3495 296 3556 orbus,
308 3493 350 3556 qui
369 3495 483 3543 hactenus
500 3495 597 3543 eeieiem
617 3493 642 3540 in
655 3491 770 3542 coeiibutu
785 3495 880 3554 egeret,
894 3493 990 3542 nomine
1035 3489 1217 3552 commercium,
1227 3504 1338 3552 mopiam
1352 3490 1383 3540 de
1399 3505 1425 3541 se
1436 3491 1572 3554 opinionem
1588 3491 1712 3554 praebens,
1723 3492 1755 3542 cd
1767 3493 1815 3544 im·

209 3572 341 3622 Terrutinc
355 3572 401 3621 Nic
411 3571 550 3621 brrerrtirm
566 3569 708 3632 complexus
716 3573 752 3620 eet
765 3583 794 3620 ue
809 3569 908 3631 illexit,
927 3572 990 3620 mui-
1036 3565 1169 3630 persndum
1188 3581 1227 3629 se,
1245 3581 1319 3630 quem
1337 3567 1533 3630 adpetendum,
1554 3571 1639 3618 netum
1658 3569 1738 3630 potius
1754 3583 1815 3622 erre.

208 3649 989 3712 torumqueetiminrumprndiorumreliquitmoriensbmredem;
1039 3649 1124 3708 licque
1144 3647 1298 3708 popularibus
1314 3647 1351 3696 vel
1366 3647 1533 3696 humilioribus
1549 3647 1610 3708 greti
1629 3660 1694 3708 esee,
1708 3646 1816 3712 utimr,

209 3739 265 3788 qim
277 3726 318 3776 ilie
336 3725 449 3788 plerique
466 3726 554 3788 populo
569 3739 611 3789 per
628 3729 800 3776 testimouium
819 3727 914 3790 legauit.
933 3731 991 3778 iloec
1036 3723 1113 3784 rcii⁰⁵
1123 3724 1290 3784 procuratores
1299 3724 1322 3772 02
1335 3724 1426 3784 pecoris
1442 3723 1580 3784 miiisslfffl·
1593 3724 1621 3772 ¹¹²
1634 3723 1708 3772 ⁰¹¹¹J'l0
1721 3735 1817 3787 wilm·

210 3814 287 3864 quum
296 3800 346 3862 jem
356 3800 445 3866 celebri
458 3802 555 3852 nomine
565 3805 641 3864 esset,
655 3805 728 3866 rique
741 3817 755 3852 e
766 3803 907 3852 decdilectr
918 3805 990 3854 hobe-
1035 3799 1175 3860 strutiones,
1196 3801 1361 3860 contemnere,
1378 3813 1423 3848 nec
1440 3799 1511 3848 minis
1524 3813 1607 3848 eorum
1618 3801 1724 3863 moveri,
1738 3813 1817 3864 neque

211 3879 286 3938 retur,
299 3877 402 3928 traditur
414 3891 444 3926 ex
456 3878 580 3928 bominum
588 3881 668 3929 ablate
676 3883 804 3941 conspectu
814 3881 877 3929 circa
888 3881 991 3931 eundem
1037 3877 1089 3924 ira:
1103 3876 1127 3924 ln
1137 3875 1256 3924 exercitiis
1271 3879 1295 3924 et
1310 3876 1394 3926 studiis
1410 3876 1547 3926 liberalibus
1556 3876 1692 3939 frequenter
1706 3889 1774 3938 w,
1784 3879 1817 3928 ab

210 3955 306 4014 iocum,
317 3955 342 4003 in
360 3967 409 4016 quo
419 3955 485 4016 prior
500 3955 540 4004 iliu
554 3957 665 4005 Larentia
680 3957 780 4006 humata
792 3960 837 4007 esi.
856 3961 916 4006 Eum
928 3971 992 4006 nunc
1036 3956 1085 4003 cilo
1097 3958 1122 4003 et
1128 3954 1228 4014 inertie,
1240 3957 1267 4003 ut
1276 3968 1302 4003 re
1310 3955 1419 4016 sordide,
1432 3955 1725 4018 abhorrentes3cmpleeti
1733 3956 1817 4008 mem

212 4034 302 4084 vomui
312 4032 444 4082 Velabrum
461 4045 492 4082 ex
501 4046 545 4095 eo,
555 4035 620 4095 quod
637 4035 662 4084 iu
674 4035 764 4084 crebris
775 4023 840 4084 liuvii
850 4036 992 4087 exundatio·
1037 4035 1142 4094 iuberes,
1161 4033 1312 4082 uenationem
1329 4035 1353 4084 et
1364 4048 1459 4095 cursus,
1473 4035 1578 4084 latrones
1587 4035 1740 4098 propulsare,
1753 4036 1818 4092 iures

211 4111 282 4159 nibus
298 4109 413 4170 treiectus
425 4123 453 4158 eo
467 4111 520 4158 loco
534 4111 558 4158 in
577 4112 655 4160 iorum
668 4113 748 4162 esset:
765 4112 892 4172 traiectum
911 4117 991 4163 autem
1038 4114 1198 4175 prehendere,
1208 4116 1233 4163 et
1244 4112 1346 4162 afflictos
1355 4114 1386 4164 ub
1402 4112 1489 4175 injurie
1503 4112 1632 4164 vindicare.
1654 4115 1716 4164 ilinc
1733 4114 1816 4164 adole-

212 4187 347 4237 relrlurem
360 4189 455 4236 vocent.
470 4187 581 4236 Nonnulli
590 4187 673 4237 dicunt
686 4201 741 4249 eos,
755 4189 797 4250 qui
806 4201 894 4238 munus
904 4191 992 4252 populo
1036 4189 1157 4240 soeniibus
1168 4205 1279 4254 magnum
1290 4203 1385 4238 nomen.

211 4263 341 4324 exbiberi,
354 4262 419 4312 rtem
430 4275 445 4312 s
458 4263 544 4312 lorcin
555 4264 651 4314 circum
664 4266 797 4313 maximum
810 4265 925 4316 terentem
935 4268 993 4317 velis
1084 4271 1174 4316 Excrin
1193 4265 1322 4329 aliquunde
1341 4267 1404 4316 inter
1425 4266 1558 4317 Numitoris
1577 4270 1602 4318 et
1621 4269 1711 4319 Amulii
1730 4269 1818 4318 bubul-

211 4339 357 4391 obumbrnre
369 4339 400 4390 rb
412 4340 451 4389 iliu
465 4340 516 4402 ipro
528 4341 581 4390 loco
592 4341 737 4403 incipientes.
752 4345 802 4391 liic
820 4342 850 4392 de
861 4356 933 4392 consu
945 4347 992 4394 Le·
1038 4357 1078 4393 ms
1087 4345 1253 4404 contentione,
1268 4345 1429 4406 arruentisque
1437 4345 1528 4394 abactis
1537 4345 1568 4394 de
1577 4345 1640 4406 suis,
1652 4359 1700 4394 non
1710 4346 1819 4396 iuuerunt

213 4420 288 4466 renile
301 4417 376 4468 aliem
389 4417 454 4480 epuci
467 4421 586 4468 Romanos
601 4418 696 4467 colitur.
1038 4434 1091 4470 eam
1099 4421 1219 4483 injurium,
1227 4421 1269 4471 sed
1278 4420 1374 4480 credunt
1382 4422 1436 4471 ilios
1445 4422 1500 4470 etin
1508 4423 1585 4482 iugem
1594 4424 1706 4484 vertum,
1716 4426 1819 4472 eruunt·

243 4495 371 4544 Faustulus
396 4495 513 4555 inientes,
535 4495 622 4545 Aurulii
642 4495 770 4554 subulcus,
792 4494 854 4544 cium
882 4497 994 4546 omnibus
1038 4513 1085 4560 que
1094 4512 1179 4561 magua
1190 4513 1217 4548 εν
1231 4501 1298 4562 parte
1306 4499 1402 4561 prinde,
1412 4501 1471 4548 nibil
1480 4499 1610 4550 Numitoris
1619 4501 1707 4550 moreti
1714 4499 1820 4561 indim-

213 4570 310 4620 sustulit
319 4589 326 4632 ς
340 4571 391 4630 rel,
401 4575 429 4620 ut
440 4571 549 4620 nonnulii
561 4573 673 4632 uerrunt,
690 4571 890 4620 uerisiniiliiudini
900 4575 992 4634 propin·
1038 4577 1137 4625 tionem.
1149 4577 1247 4638 copiam
1258 4575 1312 4624 inde
1319 4577 1417 4638 inopum
1427 4580 1452 4627 et
1461 4589 1586 4626 seruorum
1594 4579 1683 4639 coguut
1691 4577 1822 4639 reumont-

213 4647 323 4707 quiores,
334 4647 430 4698 conscio
440 4649 564 4697 Numitore
573 4650 598 4697 et
606 4648 717 4696 alimonie
726 4647 892 4710 suppeditante
903 4653 994 4702 secrete
1039 4665 1100 4714 quc,
1111 4655 1137 4702 ut
1146 4667 1183 4702 res
1192 4653 1219 4700 iis
1229 4653 1367 4703 auctoribus
1376 4654 1520 4716 spectarem
1534 4653 1692 4704 deiectionem
1703 4656 1729 4702 et
1739 4653 1821 4703 ευθσκ

215 4722 329 4780 nunitiis.
339 4723 418 4772 litiern
434 4723 509 4772 literis
522 4725 636 4786 omnique
645 4725 736 4774 liberali
748 4723 873 4788 discipline
892 4726 994 4778 instituti
1040 4729 1131 4780 fucinus
1142 4729 1272 4780 rideretur.
1284 4735 1366 4789 Quum
1376 4734 1437 4780 esset
1448 4734 1528 4780 cutem
1544 4731 1728 4782 seoriiiorndiet
1741 4743 1845 4799 ausu-,N

214 4800 327 4856 licuntur
345 4799 429 4861 pueri,
448 4801 538 4851 Gabios
554 4804 671 4852 translati.
685 4806 789 4853 Narrant
800 4805 881 4853 cutem
897 4809 994 4856 comtos
1039 4805 1107 4854 randi
1121 4807 1238 4856 licinuiur
1249 4807 1383 4870 studiosus,
1397 4822 1426 4859 eo
1438 4809 1499 4858 iurtc
1516 4809 1541 4858 ln
1552 4807 1670 4860 sacrificii>
1687 4811 1820 4870 occupito,

215 4875 403 4928 cceuunuium
415 4878 439 4924 et
449 4879 574 4949 θερινῶν
585 4891 669 4939 ruma,
680 4880 737 4942 quie
745 4883 855 4942 sugentes
863 4881 908 4931 visi
917 4885 995 4933 esseni
1038 4883 1157 4934 invadunt
1170 4883 1301 4934 Numitoris
1311 4887 1417 4947 pastores
1434 4887 1480 4936 iter
1491 4899 1547 4936 cnm
1562 4899 1637 4950 porro
1655 4884 1770 4936 mnium
1784 4885 1821 4936 lr-

216 4953 306 5022 lupam,¹
320 4953 411 5000 ilerum
421 4951 487 5002 illico
498 4953 523 5002 in
539 4955 616 5015 prime
629 4957 702 5006 etiem
718 4958 790 5006 mtute
806 4959 912 5020 corporis
929 4972 993 5022 prue-
1039 4961 1821 5026 cientemllemnm.numictusetruinerrutrimqueinieruutur.

216 5031 303 5080 strniie
314 5029 419 5082 toccien
430 5041 460 5080 ετ
472 5033 614 5094 proceritate
623 5035 647 5083 et
658 5035 734 5084 lenm
747 5035 868 5085 ostendit:
886 5039 994 5099 eiquum
1040 5038 1139 5088 vincunt
1150 5037 1281 5088 Numitoris
1298 5040 1416 5101 pistores,
1433 5052 1461 5088 rc
1475 5043 1577 5090 licinum
1587 5043 1693 5103 eupiunt
1715 5043 1823 5101 lirpium
