3890 5722
196 335 232 384 ιο
309 305 314 314 ’
658 320 806 380 srunru
831 319 1047 379 sosronuu
1069 317 1317 386 rnaounurr.

227 457 390 510 Ptoluoaeus
401 455 550 526 Euergetes
562 453 689 524 regnam
702 451 766 506 iude
780 453 814 506 ah
827 471 873 506 oo·
888 457 966 521 247-
1014 459 1062 514 ubi
1076 459 1239 514 Cleomenes
1251 475 1285 512 eo
1304 456 1435 530 magistro
1448 441 1475 509 et
1488 453 1649 509 consiliario
1666 472 1731 508 usus
1746 463 1797 520 est.

188 561 244 598 κτα
271 541 340 614 (Ol.
373 539 437 607 133.
466 537 575 610 2-139,
604 538 656 612 3).
681 541 838 612 Antigonus
857 542 969 608 Dosou,
1054 546 1196 604 Plutarch.
1212 545 1354 602 Cleomen.
1378 562 1403 600 c.
1424 562 1435 596 1
1456 563 1462 599 :
1480 538 1592 617 Λέγεται
1610 537 1696 598 δὲκαὶ
1717 540 1802 618 λόγοιν

187 629 265 701 eujus
276 638 434 702 peremptor
448 627 613 700 Euplmutus
628 625 789 694 suit‚natus
800 639 839 682 est
855 645 881 684 a.
899 627 967 684 262.
1017 630 1163 710 ρςλσσόρων
1187 629 1231 688 τὸν
1255 625 1408 704 Κλεομένην
1434 628 1574 706 μετασχεῖν
1602 627 1639 684 έτι
1665 627 1802 706 μειράκιον

187 719 285 790 ltaque
304 717 407 770 natales
421 715 560 789 Euphanti
577 714 731 770 referendae
747 725 810 768 sunt
820 715 856 769 ad
866 733 970 770 annum
1015 719 1095 790 ὄντα,
1110 717 1227 798 Σφαίρου
1240 722 1286 775 τοῦ
1299 713 1483 796 Βορυσθενίτου
1493 713 1692 794 παραθαλόντος
1703 717 1738 780 είς
1750 713 1800 784 τὴν

186 806 299 860 circiter
312 804 367 858 300
376 823 402 860 a.
415 804 458 871 C..
469 801 541 858 adeo
553 813 584 856 ut
594 804 729 858 Historias
741 803 792 856 sub
805 819 893 876 regno
904 805 970 856 Pto·
1017 805 1202 882 Λακεδαίμονα
1214 803 1259 862 καί
1272 802 1333 882 περὶ
1347 800 1405 869 eote
1418 800 1489 868 νέους
1500 801 1545 860 καὶ
1558 800 1617 869 τοὺς
1631 801 1742 883 έφήὸους
1752 804 1800 861 οὐκ

187 893 274 948 lemaei
297 895 441 965 Euergetae
464 890 664 964 percommode
685 890 808 944 scribere
831 892 967 963 potuerit.
1018 895 1122 970 ἀμελῶς
1136 891 1319 972 διατρίόοντος.
1361 890 1396 950 Ὁ
1411 887 1438 948 δέ
1457 891 1571 972 Σφαῖρος
1585 893 1611 948 έν
1625 893 1678 956 τοῖς
1691 889 1804 968 πρώτοις

186 981 257 1034 Τιιιτι
270 998 339 1034 vero
350 990 428 1053 patet
440 979 526 1034 verbu
540 981 674 1052 Diogenis
686 979 704 1036 l.
719 980 737 1037 l.
753 975 911 1035 Εὐόουλίδου
925 977 970 1034 καί
1018 980 1129 1060 ἐγεγόνει
1151 984 1202 1038 τῶν
1217 977 1337 1050 Ζήνωνος
1353 983 1399 1037 τοῦ
1419 977 1528 1044 Κιτιέως
1550 981 1673 1054 μαθητῶν
1692 977 1737 1036 καί
1756 983 1802 1035 τοῦ

187 1065 321 1144 Εὔφαντος
332 1065 444 1142 γέγονεν,
457 1085 518 1120 nou
531 1067 567 1122 de
587 1067 736 1138 Euphanto
752 1065 890 1138 discipulo
912 1068 970 1120 Eu·
1018 1067 1181 1145 Κλεομένους
1200 1066 1267 1126 έοικε
1286 1071 1333 1138 τῆς
1352 1065 1453 1146 φάσεως
1472 1065 1502 1124 τό
1520 1066 1647 1144 ἀνδρῶδες
1665 1064 1804 1142 ἀγαπῆσαί

186 1154 305 1222 hulidis,
319 1153 368 1208 scd
385 1153 420 1208 dc
433 1163 571 1208 sectatore
593 1151 753 1208 Eubulideae
772 1151 909 1234 doctrinae
927 1154 971 1205 in·
1016 1180 1044 1214 ασ
1057 1157 1102 1215 χαὶ
1114 1160 1309 1234 προσεκκαῦσαι
1321 1157 1368 1224 τὴν
1384 1151 1543 1234 φιλοτιμίαν.

186 1244 336 1322 telligenda
350 1261 417 1300 esse.
437 1243 569 1298 Similiter
581 1243 766 1314 Hieronymus
780 1237 972 1316 Ἀριστοτέλους
1004 1259 1007 1266 ’
1056 1246 1136 1301 Idem
1148 1245 1217 1300 ibid.
1232 1265 1259 1303 c,
1280 1264 1310 1299 ιι
1328 1261 1335 1302 :
1352 1239 1558 1319 Ἀναττληρόισας
1571 1239 1598 1296 δέ
1613 1237 1643 1297 τδ
1656 1239 1803 1314 πολίτευμα

187 1329 305 1405 μαθητὴς
317 1331 420 1386 dicitur
434 1332 566 1386 AthenaeO
580 1331 621 1398 X,
636 1349 666 1402 P·
687 1335 760 1400 4²4,
777 1329 972 1398 F,uti1nonet
1019 1339 1071 1399 τοῖς
1086 1331 1266 1410 χαριεστάτοις
1283 1333 1334 1388 τῶν
1353 1327 1490 1408 περιοίκων
1509 1327 1616 1394 ὁπλίτας
1634 1350 1804 1407 τετρακισμ-

187 1421 334 1474 Cliutouus
346 1419 376 1475 F.
391 1419 429 1474 H.
441 1417 477 1472 ad
487 1436 534 1475 uu.
546 1416 603 1472 250
615 1428 642 1471 el
655 1417 722 1482 aiiii.
1017 1419 1087 1485 λίους
1100 1419 1220 1490 ἐποίησε,
1230 1416 1275 1476 καί
1287 1415 1391 1486 διδάξας
1402 1413 1495 1481 αὐτσίις
1505 1414 1561 1472 ἀντὶ
1573 1413 1678 1494 δόρατος
1687 1419 1803 1494 χρῆσθαι

228 1505 374 1562 Laudatur
394 1515 529 1578 praeterea
556 1505 720 1577 Euphantus
743 1503 821 1576 apud
841 1505 971 1578 Porphy·
1019 1505 1131 1586 σαρίσσῃ
1147 1505 1180 1564 δι’
1191 1506 1343 1586 ἀμφοτέρων
1355 1503 1400 1562 καὶ
1411 1502 1459 1574 τὴν
1474 1501 1573 1560 ἀσπίδα
1592 1502 1678 1582 φορεῖν
1691 1503 1724 1560 δι’
1738 1503 1804 1580 ὀχά-

187 1597 261 1648 rium
273 1598 315 1649 De
329 1594 429 1650 abstin.
446 1595 494 1662 lv,
506 1611 536 1664 p.
551 1593 623 1666 3793
635 1592 684 1646 sed
692 1591 750 1663 jam
761 1593 905 1647 Fabricius
916 1612 969 1665 pro
1017 1617 1077 1666 νης,
1102 1593 1139 1670 μὴ
1161 1593 1204 1651 διὰ
1224 1591 1376 1672 πόρπακος,
1396 1591 1440 1648 ἐπὶ
1460 1588 1508 1661 τὴν
1528 1591 1648 1647 παιδείαν
1667 1590 1804 1661 τῶννέων

187 1683 338 1754 Euphanto
360 1691 436 1734 reete
459 1682 584 1752 reposuit
604 1681 799 1752 elephantum,
821 1681 972 1751 Syracusa·
1017 1682 1118 1759 ἐτράπη
1140 1681 1185 1738 καὶ
1206 1679 1253 1750 τὴν
1273 1678 1416 1758 λεγομένην
1438 1675 1553 1756 ἀγωγὴν,
1576 1667 1608 1748 ἧς
1634 1675 1668 1734 τὰ
1691 1678 1805 1736 πλεῖστα

189 1789 267 1837 ιιυιιι,
280 1769 483 1844 philosophum
496 1768 715 1842 Pythagoreum,
724 1769 773 1839 qui
787 1769 852 1822 item
867 1767 972 1821 lihrurn
1016 1767 1108 1848 παρὼν
1123 1772 1137 1826 δ
1151 1767 1266 1848 Σφαῖρος
1280 1769 1351 1847 αὐτῷ
1363 1765 1539 1843 συγκαθίστη,
1560 1763 1629 1844 ταχὺ
1645 1763 1689 1822 τόν
1703 1765 1806 1843 τιρυσή·

189 1855 255 1932 Περὶ
275 1853 408 1933 βασιλείας
428 1857 585 1928 scripserat.
602 1857 642 1909 Ex
662 1873 696 1909 eo
713 1854 867 1927 fragmenta
887 1855 971 1910 uber·
1020 1879 1098 1914 κοντα
1118 1858 1170 1913 τῶν
1188 1879 1216 1913 τε
1237 1852 1388 1932 γυμνασίων
1410 1849 1455 1909 καί
1476 1853 1527 1907 τῶν
1546 1850 1684 1908 συσσιτίων
1705 1851 1804 1928 κόσμον

189 1946 258 1999 timu
269 1954 376 1999 exslffltl
388 1945 417 1998 iu
431 1944 534 1998 Siobaei
543 1943 676 2016 F101'ileg·
690 1961 719 2016 1)-
734 1941 789 2006 483
802 1953 829 1996 el
843 1949 898 2014 492
909 1962 970 2015 sqq.
1020 1943 1259 2018 ἀναλαμόανόντων
1282 1941 1327 2000 καί
1348 1939 1559 2014 συστελλομένων
1581 1937 1675 2016 ὀλίγων
1695 1939 1742 2016 μὲν
1761 1939 1805 1996 ὑπ’

190 2033 270 2098 [vide
292 2033 377 2086 Hbcrt
397 2033 511 2086 Dissert.
522 2031 596 2099 sie..
616 2049 648 2102 p.
671 2048 725 2102 ¹¹9
739 2047 781 2102 sq.
795 2029 815 2102 ).
833 2031 971 2102 Eirphonti
1018 2031 1145 2108 ἀνάγκης,
1162 2029 1284 2096 ἑκουσίως
1296 2029 1323 2086 δὲ
1334 2031 1384 2086 τῶν
1396 2026 1527 2085 πλείστων
1542 2027 1576 2091 εἷς
1589 2023 1636 2096 την
1654 2027 1743 2104 εὐγενῆ
1757 2025 1803 2084 καὶ

188 2124 230 2174 lle
243 2141 330 2194 regam
346 2139 416 2192 opus
428 2137 563 2192 nusquam
577 2130 760 2174 menmratur.
1017 2117 1172 2186 Λακωνικὴν
1187 2117 1286 2186 ἐκείνην
1301 2117 1413 2173 δίαιταν.
1511 2168 1517 2176 ,

1036 2211 1124 2274 ‚Haec
1145 2206 1221 2280 apud
1239 2207 1419 2262 Cleomenem
1438 2204 1623 2259 commoratio
1641 2205 1725 2258 ctiam
1739 2221 1804 2258 rno-

1017 2297 1088 2351 visse
1098 2296 1243 2368 Sphaerunr
1255 2293 1369 2348 videtur
1381 2304 1413 2347 ut
1427 2289 1494 2369 Περὶ
1510 2291 1663 2356 Λακωνικῶς
1675 2288 1805 2354 πολιτείας

1019 2401 1090 2456 opus
1103 2390 1298 2456 componeret.
1313 2382 1450 2435 Praeterea
1457 2380 1564 2452 scripsit
1576 2374 1643 2453 Περί
1650 2375 1801 2454 Λυκούργου

251 2430 512 2518 SPHAEuUS
542 2428 907 2518 BOSPOHANUS.
1019 2465 1805 2546 ,αιΣωκράταςμειιιερια,αιιααιιειηιιυιιαιιιωιι

257 2619 262 2629 ,
437 2621 443 2632 ,
576 2617 602 2634 Η
623 2613 630 2632 ,
733 2619 748 2634 η
1020 2557 1231 2630 philosophici,
1254 2575 1378 2629 quorum
1397 2555 1519 2610 indicem
1540 2554 1646 2627 praebet
1664 2555 1806 2627 Diogenes

228 2618 368 2690 Diogenes
375 2619 409 2676 L.
423 2619 483 2687 tlt,
496 2637 548 2687 177
561 2635 568 2674 ι
582 2618 678 2674 θοντου
687 2616 694 2694 (
703 2638 749 2672 του
761 2615 904 2690 Κλεάνθου)
913 2659 920 2686 ,
930 2637 973 2674 κα-
1018 2646 1146 2699 Laertius
1157 2646 1225 2711 VH,
1240 2644 1305 2714 ¹73·

189 2699 271 2779 θοίπερ
284 2701 489 2780 προειρήκαμεν,
507 2702 603 2774 ἤκουσε
619 2699 685 2776 μετὰ
697 2701 807 2772 Ζήνωνα
820 2702 864 2760 καί
886 2705 909 2762 Σ
930 2711 970 2760 αἱ·
1086 2749 1094 2772 .

192 2793 252 2866 ροςδ
264 2788 448 2867 Βοσποριανός,
456 2787 482 2857 ὃς
492 2788 626 2870 προκοπὴν
639 2789 731 2859 ίκανιλν
739 2726 974 2868 περιποιησάμῖένος
1199 2757 1402 2816 ΛΑΚΩΝΙΚΗ
1425 2752 1621 2814 ΠΟΛΙΤΕῘΑ·

190 2875 274 2952 λόγοιν
295 2879 330 2940 εἷς
352 2875 543 2955 Ἀλεξάνδρειαν
565 2877 645 2956 ἀπῄει
665 2875 728 2956 πρὸς
747 2879 912 2954 Πτολεμαῖον
931 2876 974 2935 τὸν
1402 2882 1426 2919 ¹·

191 2961 375 3042 Φιλοπάτορα.
420 2965 506 3042 Λόγου
525 2965 553 3022 δέ
562 2987 626 3024 ποτε
640 2963 777 3042 γενομένου
795 2965 855 3045 περὶ
873 2971 917 3024 τοῦ
935 2967 974 3023 δυ·
1059 2975 1199 3030 Plutarch.
1220 2977 1343 3048 Lycurg.
1366 2993 1391 3028 c.
1418 2973 1479 3028 28:
1501 2969 1647 3036 Τοσούτους
1661 2971 1715 3046 (sc.
1736 2971 1805 3029 ὀκτὼ

190 3049 275 3117 ξάσειν
289 3049 333 3108 τὸν
346 3049 479 3128 σοφόνκαὶ
493 3056 539 3108 τοῦ
552 3051 670 3131 Σφαίρου
681 3051 795 3118 εἰπόντος
806 3055 841 3118 υἰς
853 3053 882 3110 οὐ
897 3050 971 3118 δοξά-
1019 3059 1064 3119 χαλ
1079 3059 1173 3136 εἴκασα)
1190 3059 1217 3118 δέ
1229 3082 1293 3140 ρησι
1311 3061 1508 3128 κατασταθῆναι
1521 3056 1579 3124 τοὺς
1595 3056 1716 3136 γέροντας
1734 3058 1804 3137 Ἀρα-

190 3159 243 3207 σει,
257 3135 433 3214 βουλόμενοτδ
447 3137 568 3214 βασιλεὺς
582 3137 684 3214 ἐλέγξαι
695 3137 785 3214 αὐτὸν,
797 3138 903 3214 κηρίνας
915 3137 975 3218 ῥόας
1020 3139 1135 3217 τοτέλης
1148 3147 1202 3224 (fr.
1230 3149 1299 3222 78),
1319 3143 1359 3204 ὅτι
1375 3145 1513 3226 τριάκοντα
1533 3149 1584 3203 τῶν
1604 3145 1715 3225 πρώτων
1737 3148 1805 3221 μετὰ

507 2295 666 2318 -οκκι-

95 3277 97 3280 .
191 3222 312 3281 ἐκέλευσε
331 3227 523 3302 παρατεθῆναι·
545 3229 591 3282 τοῦ
610 3225 638 3282 δὲ
660 3223 778 3303 Σφαίρου
798 3226 987 3297 ἀπατηθέντος.
1021 3233 1172 3313 Λυκούργου
1182 3231 1335 3310 γενομένων,
1349 3231 1394 3290 δύο
1406 3233 1452 3303 τὴν
1460 3231 1728 3311 πρῶξινέγκατέλιπσν
1739 3235 1803 3292 ἀπα.

192 3310 334 3382 ἀνεὸόησεν
351 3315 365 3368 δ
385 3311 506 3388 βασιλεὺς
523 3313 614 3391 ψευδεῖ
632 3317 879 3388 συγκατατεθεῖσθαι
897 3314 975 3372 αὐτὸν
1020 3320 1206 3387 δειλιάσαντες.
1249 3320 1285 3379 Ὁ
1298 3320 1324 3377 δέ
1336 3323 1450 3400 Σφαῖρος
1462 3321 1488 3388 ἔξ
1499 3323 1582 3399 ἀρχῆς
1593 3319 1656 3399 φησὶ
1671 3318 1806 3386 τοσούτους

192 3399 333 3477 φαντασία.
367 3397 438 3476 Πρὸς
452 3397 479 3456 ὃν
497 3403 511 3458 ὁ
526 3400 642 3478 Σφαῖρος
655 3397 786 3477 εὐστόχως
800 3400 974 3479 ἀπεκρίνατο,
1020 3407 1139 3484 γενέσθαι
1153 3406 1212 3472 τοὺς
1223 3411 1270 3478 τῆς
1280 3407 1386 3484 γνώμης
1399 3407 1585 3486 μετασχόντας.

110 3509 114 3514 ·
192 3484 273 3543 εἰπὼν
283 3487 363 3552 οὕτως
377 3491 639 3562 συγκατατεθεῖσθαι,
652 3489 702 3564 οὐχ
711 3485 750 3542 ὅτι
763 3486 820 3566 ῥόαι
832 3487 906 3556 siole,
919 3489 976 3546 ἀλλ’
1400 3534 1417 3570 2

191 3571 231 3629 ότι
250 3570 355 3649 εὔλογόν
372 3573 426 3628 ἐστι
447 3571 507 3650 ῥόας
526 3571 606 3639 αὗτίις
626 3565 705 3632 εἶναι·
727 3573 856 3654 διαφέρειν
879 3573 908 3632 δὲ
929 3575 976 3646 τὴν
1420 3559 1427 3574 ⁶
1494 3587 1497 3594 '

191 3656 390 3730 καταληπτικὴν
403 3658 547 3736 φαντασίαν
562 3665 606 3718 τοῦ
618 3660 733 3738 εὐλόγου.
765 3660 835 3742 Πρὸς
849 3661 876 3720 δὲ
895 3658 975 3735 Μνη-
1250 3629 1273 3682 Ε
1294 3627 1407 3684 LIBRO
1429 3627 1572 3683 TERTIO'

193 3747 330 3825 σίατρατον
344 3751 539 3824 κατηγοροῦντα
552 3748 630 3804 αὐτοῦ
644 3747 683 3806 ὅτι
695 3750 860 3824 Πτολεμαῖον
869 3747 898 3807 οὔ
913 3772 977 3828 φησι
1061 3743 1209 3798 Albenaetss
1220 3745 1268 3812 IV,
1278 3761 1298 3816 p
1310 3748 1373 3813 114,
1384 3743 1405 3799 C
1419 3759 1426 3802 :
1437 3739 1551 3819 Σφαῖρος
1558 3739 1580 3796 δ’
1590 3739 1616 3796 ἓν
1623 3737 1701 3818 τρίτῳ
1709 3741 1807 3796 Λακω-

194 3833 304 3912 βασιλέα
320 3823 402 3906 εἶναι,
420 3839 560 3892 «τοιοῦτον
579 3833 601 3892 δ’
616 3833 678 3893 ὄντα
693 3835 736 3893 τόν
752 3833 918 3912 Πτολεμαῖον
931 3833 976 3893 καὶ
1021 3833 1094 3900 νικῆς
1117 3829 1248 3896 πολιτείας
1270 3827 1379 3908 γράφει·
1406 3855 1418 3880 ι
1442 3827 1559 3905 Φέρουσι
1580 3823 1607 3883 δέ
1625 3825 1669 3884 καὶ
1692 3823 1806 3882 έπάϊκλα

194 3921 303 3999 βασιλέα
314 3911 389 3983 εἶναι.
408 3947 420 3974 ν
1022 3920 1108 3984 αὐτοῖς
1119 3921 1142 3977 οἱ
1153 3919 1281 3998 φειδῖται·
1292 3916 1338 3974 καί
1354 3920 1405 3974 τῶν
1418 3915 1465 3992 μέν
1477 3913 1655 3993 ἀγρευομένων
1665 3913 1706 3993 ὑφ’
1721 3917 1806 3971 αὑτῶν

232 4013 275 4065 De
285 4009 400 4084 Sphaero
416 4023 549 4084 tanquam
564 4013 685 4068 Zenonis
696 4022 724 4068 et
736 4014 875 4069 Cleanthis
890 4015 975 4069 disci·
1022 4006 1102 4065 ἐνίοτε
1116 4009 1140 4066 οἱ
1153 4005 1246 4064 πολλοὶ
1259 4007 1305 4078 ,οὗ
1319 4004 1370 4081 μὴν
1384 4005 1442 4062 ἀλλ’
1454 3999 1480 4060 οί
1488 4025 1517 4081 γε
1528 4000 1645 4061 πλούσιοι
1657 4001 1702 4059 καί
1714 3999 1805 4079 ἀρτον,

193 4099 261 4169 pulo
276 4097 313 4154 el.
333 4099 455 4172 Diogen.
475 4101 545 4168 VH,
567 4099 614 4171 37.
633 4103 785 4156 Historiam
810 4102 845 4157 de
860 4103 976 4176 Splraero
1021 4093 1066 4151 καὶ
1077 4085 1113 4152 ῶν
1124 4093 1155 4152 ἂν
1170 4091 1226 4172 ὥρα
1241 4095 1271 4150 έκ
1281 4095 1332 4151 τῶν
1342 4095 1438 4171 ἀγρῶν,
1455 4089 1515 4148 ὅσον
1526 4091 1561 4156 εἷς
1578 4089 1658 4159 αὐτὴν
1674 4086 1721 4158 Τί*
1737 4111 1803 4147 συν·

194 4196 221 4240 et
233 4187 383 4240 Ptolemaeo
393 4187 575 4260 Philopatore
589 4191 738 4245 Athenaeus
747 4209 864 4263 quoqne
877 4191 977 4264 (VIII,
1021 4180 1119 4254 aeetae,
1142 4182 1287 4259 neptum<
1304 4178 1349 4238 xet
1365 4179 1396 4237 τὸ
1409 4178 1517 4237 πλείονα
1533 4181 1584 4235 τῶν
1599 4179 1695 4234 tieem
1716 4197 1806 4254 παρα·

194 4283 223 4336 p.
240 4263 306 4334 354,
320 4264 358 4340 E)
375 4275 478 4320 narrat.
490 4271 647 4340 Antequam
657 4270 856 4325 Alexandriam
868 4289 896 4324 se
907 4289 977 4324 ron·
1022 4269 1156 4336 σκευάζειν
1173 4266 1292 4346 περιττὸν
1308 4257 1389 4336 εἶναι,
1411 4263 1448 4341 μὴ
1469 4262 1598 4339 μέλλοντά
1611 4285 1641 4338 γε
1659 4261 1806 4342 προσφέρε-

195 4351 279 4405 ίοττει
291 4353 437 4428 Sphaerus,
452 4354 556 4410 diutius
566 4357 769 4412 Lacedaemone
785 4369 908 4412 versatus
920 4369 975 4425 est,
998 4340 1001 4431 ί
1023 4359 1093 4412 σθαι.
1107 4383 1118 4406 ν
1132 4357 1175 4413 Cf.
1190 4357 1343 4412 Dicaearchi
1354 4356 1389 4413 fr.
1401 4353 1450 4428 233
1463 4354 1562 4409 Persei
1575 4351 1610 4410 sr.
1622 4369 1650 4409 a.

267 4517 641 4581 LACEDAEMONIORUM
661 4522 905 4582 RESPUBLiCA,
1025 4519 1078 4569 bit:
1093 4541 1104 4564 α
1119 4519 1229 4570 Allerunl
1242 4533 1301 4569 vero
1312 4519 1409 4582 Epaicla
1421 4518 1465 4580 ipsi
1477 4515 1574 4566 Phiditll
1587 4513 1681 4565 sodales
1696 4514 1739 4563 :el
1750 4515 1806 4576 qui·

575 4622 586 4669 γ
1024 4600 1078 4649 dem
1096 4601 1173 4662 major
1190 4613 1245 4662 para
1261 4601 1333 4662 vrrlgo
1344 4597 1445 4648 subinde
1464 4596 1581 4656 afferunt,
1599 4593 1688 4656 siquid
1707 4593 1807 4642 terune

227 4695 408 4758 pundeteiginea
423 4701 548 4760 geronem
564 4657 661 4752 selinus
673 4703 731 4764 sug,
742 4705 770 4752 ,γ
782 4703 920 4753 Aristoma
931 4702 978 4766 ast,
1024 4677 1133 4764 venando
1142 4679 1262 4740 ceperint;
1272 4677 1433 4740 opulentiores
1443 4675 1525 4724 notun
1536 4674 1633 4734 insuper
1645 4684 1733 4756 panem
1742 4673 1766 4718 et
1775 4683 1806 4718 en

197 4772 262 4834 quod
272 4775 393 4834 Lycurgus
405 4787 482 4836 quum
490 4778 587 4840 triginta
599 4781 763 4841 ίιιτίιυιὶεεεί,
776 4780 825 4830 duo
837 4779 918 4830 exhis
929 4795 979 4843 prae
1023 4767 1084 4816 ΨΒ
1095 4767 1256 4817 q¹¹⁸²⁰¹¹¹¹¹q¹¹⁶
1266 4755 1312 4804 sesi
1321 4755 1461 4816 iempfflmi
1471 4752 1590 4814 (inanium
1601 4747 1630 4797 δᾶ
1641 4760 1716 4796 *mum
1727 4759 1806 4808 '9⁸⁰³'

197 4853 262 4900 ιιιείυ
277 4863 326 4898 rein
340 4851 502 4902 deseruerant.
514 4858 546 4905 At
557 4858 670 4918 Sphaerus
681 4859 711 4908 ab
724 4860 792 4908 initio
811 4861 866 4910 octo
884 4863 979 4910 tauhun
1023 4833 1161 4882 milium
1172 4834 1230 4883 ”tis
1240 4836 1276 4884 ⁰⁸²
1287 4853 1293 4883 ²
1304 4847 1359 4882 ”³¹¹¹
1367 4833 1435 4894 ilum
1446 4843 1530 4893 imre
1540 4841 1612 4890 ‘imm
1624 4825 1690 4889 ΨΜ
1699 4825 1757 4874 ⁸⁸¹ss
1765 4826 1806 4886 ⁸5²·

197 4929 221 4975 et
233 4928 311 4988 etginli
324 4928 415 4976 consilii
426 4931 553 4994 participes
563 4935 633 4984 [uisse
645 4937 687 5000 aq,
1023 4911 1170 4972 superfluum
1181 4923 1231 4959 csse
1241 4912 1391 4970 existimant,
1402 4908 1490 4971 quippe
1499 4919 1555 4969 quae
1566 4915 1636 4954 nemo
1645 4916 1675 4951 ne
1684 4905 1806 4951 comestu-

573 5019 589 5066 2
1023 5001 1065 5036 rua
1073 4987 1104 5037 sit
1112 4987 1218 5049 quidem.

229 5091 341 5152 Sphaerus
366 5095 437 5144 tertio
464 5099 498 5145 [te
519 5099 757 5152 Lacrihrmoniorum
780 5107 903 5168 republica
923 5109 980 5158 scri-
1349 5109 1483 5125 ”““““
