4004 5736
580 362 824 424 'l'llEOPllilNlS
845 361 1066 422 MYTlhENAEl
1086 359 1335 422 FRAGMENTA.
1727 372 1782 424 tis

226 503 309 554 llnno
325 493 363 568 59
378 513 402 550 a.
423 495 455 553 C.
471 495 569 550 Cicero
589 513 677 567 quum
693 494 799 568 lagatus
818 491 854 548 ατί
872 493 965 548 Ptole·
1010 511 1094 560 arura,
1107 513 1197 548 rursus·
1208 493 1335 548 adhibito
1352 491 1456 548 Libone
1470 505 1498 546 et
1513 494 1628 548 Lucceio
1641 506 1670 548 et
1695 494 1773 550 Theo

187 602 290 640 rttaeum
306 585 426 638 huletcn
443 581 641 638 Alexandriam
653 600 681 636 se
693 581 822 636 conferre
834 591 976 654 cuperet,·
1006 580 1108 654 phone,
1128 579 1286 654 quibuscum
1300 585 1499 636 cotumuuicorc
1513 581 1548 634 sle
1562 586 1694 635 trrauimis
1705 583 1786 637 rebus

187 671 224 727 tle
239 689 273 726 ea
283 687 313 726 te
325 667 363 725 ad
376 669 499 726 Atticum
512 669 576 742 (Ep.
594 665 684 740 11,5]
699 667 797 724 scribit
815 686 822 722 ι
844 667 877 722 Si
898 669 967 740 qaut
1011 669 1156 742 Pompeius
1168 679 1356 734 consueuerat,
1373 668 1409 722 de
1419 668 1558 722 ruaudutis
1573 668 1788 740 Coesarisagere

191 757 373 832 Theophanes
390 767 475 811 ustum
481 754 561 828 forte
576 757 731 822 sonuum,
748 773 784 810 ne
798 760 909 811 omnino
919 775 965 811 re-
1011 760 1142 824 instituit,
1160 774 1223 810 eum
1245 759 1395 830 ingressum
1408 759 1437 808 in
1459 773 1613 810 sermonem
1631 757 1783 829 Pompeius

185 847 322 920 pudioris.
333 845 439 899 Verum
448 861 507 898 non
519 843 635 913 Cicero,
647 841 696 898 secl
709 843 769 916 ipse
783 843 966 915 Theophanes
1010 845 1196 916 itrterpellouit
1203 853 1230 898 et
1238 844 1313 915 loqui
1318 844 1404 914 plura
1407 841 1559 915 prohibuit.
1571 843 1787 916 Sublataitaqne

188 932 356 1006 legationem
373 931 451 984 istam
464 929 551 997 obiit,
566 929 711 984 ituantem
726 929 966 983 munereiunctus
1010 947 1059 1004 spe
1079 929 1329 998 reconciliationis,
1355 927 1392 983 ad
1414 945 1492 986 οιτιιει
1512 947 1557 984 res
1579 929 1692 985 devenit
1710 930 1786 1004 apud

187 1028 228 1075 est
239 1029 272 1073 ut
283 1035 344 1072 non
354 1027 410 1071 tam
422 1015 588 1090 reipublicae
601 1034 686 1089 quam
697 1015 782 1070 rebus
791 1015 917 1088 Pompeii
924 1017 966 1070 sui
1011 1017 1192 1074 Pharsaliam.
1203 1017 1248 1072 Ibi
1262 1015 1461 1089 Theophanem
1477 1017 1507 1070 in
1518 1018 1644 1090 Pompeii
1662 1020 1786 1072 exercitu

189 1103 359 1171 consuleret,
371 1105 394 1159 si
409 1103 525 1176 quidem
536 1100 605 1158 {ides
614 1101 745 1157 habenda
756 1102 901 1176 Timageni
917 1120 963 1174 ap.
1010 1100 1135 1158 τεκτόνων
1154 1099 1269 1178 ίπαρχον
1281 1101 1365 1156 luisse
1384 1102 1515 1166 discimus
1526 1119 1561 1157 ex
1581 1103 1732 1158 Plutarcho
1758 1107 1787 1158 in

189 1193 371 1248 Plutarchum
380 1192 411 1245 in
422 1191 522 1264 Pomp.
532 1208 556 1244 c.
570 1196 621 1262 49,
630 1189 679 1244 ubi
691 1189 750 1244 huc
761 1208 768 1243 ι
779 1176 833 1246 ’Ἦν
845 1184 872 1244 δὲ
881 1187 967 1264 γράμ-
1016 1191 1074 1247 Cic.
1086 1210 1111 1246 c.
1128 1189 1176 1246 38.
1188 1191 1298 1258 Cicero,
1311 1190 1366 1259 ait,
1377 1201 1465 1246 costra
1477 1189 1689 1263 perambulabat
1702 1191 1789 1268 φλαυ-

189 1299 270 1350 μασιν
287 1277 403 1354 ἐντυχεῖν
414 1273 581 1352 διερριμίνοις
595 1271 654 1331 κατ’
674 1273 769 1352 ἀγορὰν
790 1272 834 1331 καί
845 1272 918 1352 παρὰ
937 1273 968 1332 τὸ
1013 1277 1089 1356 ptius
1103 1281 1147 1334 τοῦ
1161 1275 1303 1352 Πομπηίου
1315 1273 1363 1346 τὴν
1376 1272 1579 1352 παρασκευὴν...
1589 1275 1689 1334 καὶτοῦ
1700 1299 1789 1356 παρα-

192 1362 385 1442 βοολτυτίριον,
398 1364 433 1428 ὡς
449 1359 480 1433 δὴ
501 1359 668 1438 Πτολεμαίου
687 1359 807 1437 δεομένου
828 1359 967 1438 Πομπήιον
1012 1362 1141 1422 σκώπτειν
1158 1385 1183 1421 τι
1196 1361 1243 1420 καί
1251 1362 1334 1439 λέγειν
1345 1360 1437 1442 χαρίεν
1451 1363 1487 1427 εἰς
1505 1361 1564 1426 τοὺς
1573 1365 1729 1441 συμμάχους
1741 1365 1789 1422 siu

191 1452 262 1529 αὐτῷ
270 1447 416 1527 στρατηγὸν
425 1447 483 1506 ἀντὶ
491 1452 536 1506 τοῦ
544 1450 688 1528 Σπινθῆρος
696 1449 810 1519 δοθῆναι.
820 1449 968 1526 Τιμαγένης
1013 1450 1185 1529 ἀπεχόμενος.
1199 1455 1273 1508 Tum
1285 1453 1356 1507 inter
1380 1452 1434 1506 alia
1454 1449 1514 1522 ejus
1534 1451 1609 1506 diota
1630 1453 1713 1507 etiam
1732 1453 1790 1509 boc

181 1537 218 1600 ,δί
228 1537 274 1594 καὶ
285 1536 370 1602 ἄλλως
378 1535 423 1594 τδν
436 1536 600 1610 Πτολεμαῖον
613 1537 661 1593 οὐκ
672 1533 750 1606 οὔσης
760 1535 875 1612 ἀνάγκης
887 1537 966 1592 άπελ·
1013 1539 1100 1594 resen
1115 1557 1123 1598 ι
1140 1533 1334 1597 ’beatisimi
1356 1537 1432 1594 τινῶν
1450 1533 1591 1615 Θεοφάνην
1611 1534 1655 1593 τὸν
1668 1535 1790 1608 Λίαόιον,

191 1631 245 1682 θεῖν
266 1645 346 1704 φησι,
364 1621 409 1681 καί
434 1623 588 1680 καταλιπεῖν
608 1621 741 1700 Αίγυιττον
755 1621 806 1680 tat
821 1621 969 1700 Θεοφάνους
1015 1621 1042 1690 ie
1055 1615 1120 1695 ἦνέν
1132 1626 1169 1703 τῷ
1183 1620 1350 1702 στρατοπέδῳ
1363 1620 1490 1680 τεκτόνων
1503 1620 1634 1700 ἔπαρχος,
1646 1625 1681 1689 όις
1693 1614 1721 1680 εδ
1740 1645 1791 1680 πα·

191 1709 344 1782 πεισθέντα,
369 1708 528 1788 πράττοντος
550 1709 683 1788 Πομπηίῳ
707 1706 907 1788 χρηματισμοὺς
922 1707 967 1764 καὶ
1015 1709 1195 1790 ραμυθόοσαιτο
1210 1707 1326 1775 Ῥοδίους
1338 1706 1681 1779 τὀνστόλονόποθαλόντας,
1696 1709 1790 1769 ιῊλί·

192 1795 352 1874 σ’φαηγίας
372 1799 464 1866 wiht
473 1793 604 1855 iniussn.
621 1793 699 1854 Ἀλλὰ
713 1800 789 1853 τοῦτο
802 1791 849 1872 μὲν
864 1797 913 1874 οὐχ
927 1793 969 1852 οὗ·
1015 1823 1069 1870 κον,
1082 1791 1162 1872 εἶπεν,
1173 1798 1269 1878 ἀγαθόν
1280 1799 1337 1856 ἐστι
1346 1795 1376 1855 rb
1390 1795 1502 1874 Γραικὸν
1513 1795 1583 1875 ίχειν
1595 1795 1720 1876 ἔπαρχον.
1735 1825 1748 1849 ν

191 1909 241 1949 τως
251 1888 268 1954 ἡ
280 1881 430 1962 Θεοφάνους
440 1881 571 1962 μοχθηρία
584 1881 710 1953 πεποίηκε
722 1879 840 1954 πιθανὸν,
856 1885 890 1948 iu
904 1881 969 1940 άπι-
1054 1889 1414 1962 DevictusPompeiuscum
1423 1886 1654 1941 mnicissecusum
1668 1888 1792 1942 circum-

193 1995 255 2030 στον
276 1975 293 2040 i,
306 1971 446 2046 Πομπηίου
466 1970 554 2049 φύσις,
570 1971 617 2028 οὐκ
632 1968 729 2049 ἔχουσα
755 1967 895 2040 κακόηθες,
915 1971 969 2028 οὐδ’
1014 1979 1132 2052 spiciens
1144 1975 1358 2050 refugium,cihu
1370 1972 1508 2050 βασιλειῶν
1520 1969 1596 2035 αὐτὸς
1605 1969 1652 2046 μίν
1665 1971 1792 2050 ἀπέφαινε

195 2058 361 2135 όνελεόθερον
370 2056 437 2115 οὕτω
450 2057 480 2114 τὸ
495 2056 640 2136 φιλότιμον.
1015 2061 1061 2132 τὴν
1075 2061 1186 2138 Πάρθων
1197 2058 1361 2128 ἱκανωτάτην
1373 2049 1452 2116 οὖσαν
1465 2055 1492 2114 ίν
1508 2077 1537 2115 τε
1547 2059 1585 2135 τῷ
1598 2043 1707 2169 παρόντι
1719 2057 1793 2124 δόξοι-

234 2147 337 2204 Iisdem
358 2144 533 2220 temporibus
555 2145 665 2219 scriptae
687 2156 751 2200 sunt
774 2143 904 2202 Ciceron.
935 2143 971 2200 ad
1017 2155 1076 2207 σθαι
1086 2149 1131 2207 καί
1144 2147 1294 2227 περιόαλεῑν
1312 2154 1379 2225 σφᾶς
1390 2147 1503 2210 ἀσθενεῖς
1518 2143 1606 2214 όντας,
1619 2143 1691 2209 αυθίς
1701 2167 1730 2201 τε
1743 2148 1793 2222 ῥῶ-

194 2237 321 2292 Atticum
331 2233 457 2307 epistolae
469 2235 514 2305 ll,
532 2251 566 2288 ru
579 2243 607 2289 ct
622 2251 655 2302 ¹7
668 2250 675 2291 :
690 2233 720 2286 in
733 2233 806 2287 itta:
830 2234 911 2301 Vidi,
932 2233 972 2286 in·
1016 2259 1062 2294 που
1083 2235 1130 2295 χοὶ
1159 2234 1314 2314 προπέμψαι
1338 2230 1405 2308 μετὰ
1427 2229 1551 2301 πλείστης
1572 2229 1718 2306 δυνάμεως·
1741 2233 1792 2289 τῶν

196 2323 395 2394 quit,extuis
419 2321 537 2378 literis...
554 2321 621 2392 quid
638 2329 778 2390 agencium
787 2319 824 2373 de
840 2323 972 2373 rumina·
1017 2325 1040 2383 δ’
1048 2323 1135 2383 ἄλλων
1145 2323 1169 2380 οἱ
1183 2319 1230 2397 μὲν
1240 2323 1275 2387 εἰς
1284 2318 1385 2390 Λιόύην
1393 2316 1439 2375 καὶ
1449 2315 1534 2376 Ἰόόαν
1547 2314 1654 2396 ἔτρεπον
1668 2315 1792 2392 τὴνγνώ-
1826 2321 1831 2330 ’

195 2407 455 2480 θίοπθθθύῑίᾶίαθθ,
476 2407 612 2460 ‘stilletis
630 2400 769 2482 βῡῶπῑδθςν
793 2403 973 2480 deilgttifem
1017 2433 1082 2486 μην·
1096 2409 1225 2489 Θεοφάνει
1245 2407 1273 2466 δί
1295 2410 1333 2486 τῷ
1354 2403 1459 2485 Λεσόίῳ
1481 2403 1590 2479 μανικὸν
1609 2401 1692 2462 ἐδόκει
1716 2407 1794 2484 τριῶν

197 2495 368 2561 Athenione,
388 2495 424 2548 de
436 2493 522 2548 literis
535 2497 626 2548 missis
633 2493 676 2546 ad
682 2491 799 2548 Cuceum
804 2535 814 2560 ,
834 2491 870 2546 de
886 2491 971 2546 Theo·
1018 2500 1123 2576 ἡμερῶν
1136 2497 1219 2554 πλοῦν
1237 2491 1387 2571 ἀπέχουσαν
1403 2489 1534 2568 Αἴγυπτον
1556 2488 1728 2556 ἀπολιπόντας
1749 2489 1794 2548 καί

193 2583 301 2658 phalti-i
322 2583 503 2654 Memmiiquc
515 2597 648 2638 Sermimt·
670 2581 704 2635 1¹¹
725 2579 813 2634 altera
830 2578 974 2634 :ATheo-
1019 2581 1195 2658 Πτολεμαῖον,
1206 2578 1309 2650 ἡλικίαν
1328 2577 1374 2654 μίν
1385 2575 1635 2654 ἆντίπαιδα,φιλίας
1647 2573 1730 2634 δὲκαὶ
1744 2577 1795 2655 χά·

192 2669 292 2744 phane
304 2671 445 2742 expiscere
462 2685 582 2740 quonam
602 2670 630 2720 in
641 2684 685 2721 ure
698 2670 792 2722 ausimo
805 2670 842 2720 sit
853 2665 975 2720 Alahor-
1020 2693 1088 2750 ρπος
1105 2665 1229 2748 πατρώοις
1249 2663 1395 2745 ὑπόχρεων,
1413 2663 1525 2742 Πάρθοις
1536 2662 1676 2721 arcessitis
1695 2665 1795 2736 ἑαυτὸν,

196 2757 264 2811 thes
276 2757 310 2830 (i.
325 2775 351 2810 e·
365 2751 542 2828 Pompeius).
1020 2727 1190 2833 οἰπιιιτοτείτιρΙ
1200 2753 1280 2831 γάνει·
1292 2752 1336 2812 καί
1357 2750 1483 2829 Ῥωμαίῳ
1505 2749 1552 2825 μίν
1575 2751 1621 2807 aas
1637 2750 1664 2828 l,
1681 2751 1795 2830 κηδεστῇ

237 2847 323 2900 Anno
338 2841 373 2898 51
387 2843 486 2899 Cicero
500 2839 538 2897 ad
552 2841 635 2898 Attio.
650 2843 686 2910 V,
705 2859 736 2896 ιι
753 2840 850 2896 scribit
868 2861 875 2895 ι
892 2841 974 2895 Ροαι·
1020 2841 1166 2921 ρουομίνῳ,
1180 2839 1214 2898 τὰ
1235 2837 1342 2918 δεύτερα
1355 2836 1478 2913 λέγοντα,
1492 2838 1594 2915 πρῶτον
1609 2773 1674 2894 τίνοι
1684 2840 1735 2894 πῶν
1747 2837 1795 2894 ἄλ.

194 2937 277 3006 μίαν
300 2930 372 2985 mihi
397 2948 502 3003 quoque
524 2929 679 2994 uidebatur,
695 2929 771 3001 quod
787 2929 886 2983 scribis
904 2929 974 2982 Var-
1020 2931 1072 2988 λονν
1090 2927 1127 3004 μὴ
1139 2927 1234 3003 θέλειν,
1253 2925 1319 3002 μηδί
1334 2927 1473 3002 πειρᾶσθαι
1484 2925 1530 2994 τῆς
1545 2921 1642 2980 ἐκείνου
1662 2923 1795 3001 μετροόπη.

198 3037 294 3072 nonem
306 3019 410 3083 dicere,
431 3019 460 3071 in
475 3017 641 3090 Hispaniam
664 3026 736 3069 certe
758 3019 858 3081 iturum·
874 3015 906 3069 id
925 3033 978 3088 ego
1020 3038 1074 3082 τος·
1087 3013 1215 3095 Ἀρσάκην
1233 3011 1260 3070 δὲ
1275 3013 1405 3070 ποιεῖσθαι
1425 3007 1511 3088 κόριον
1527 3011 1634 3082 ίαυτοῒι,
1658 3009 1702 3068 τὸν
1729 3009 1795 3088 μηδὲ

172 3129 175 3136 ’
199 3112 317 3162 minime
326 3101 494 3178 probabam,
513 3109 562 3176 qui
575 3104 685 3176 quidesse
705 3100 869 3174 Theophani
883 3099 978 3172 facile
1024 3102 1146 3181 Κράσσου
1171 3097 1310 3170 δυνηθέντα
1324 3095 1487 3166 ζῶντος·καί
1506 3103 1617 3174 γυναῖκα
1637 3095 1707 3170 νέαν,
1723 3097 1795 3158 οἴκου

195 3199 334 3268 persuasi,
357 3191 431 3245 nihii
449 3209 508 3245 esse
528 3191 626 3246 melius
644 3207 727 3264 quam
747 3207 881 3262 nusquam
899 3191 977 3243 illum
1021 3199 1066 3252 ποῦ
1082 3189 1241 3263 Σκιπίωνος,
1254 3189 1290 3254 τίς
1304 3184 1451 3268 βαρόόρους
1462 3183 1576 3262 κομίζειν
1590 3183 1664 3265 δόρει
1679 3185 1723 3244 καὶ
1738 3189 1797 3244 huo·

197 3281 347 3336 discedere.
380 3280 456 3350 Ergo
478 3279 591 3332 Grcecus
610 3277 760 3345 incumbet;
783 3278 863 3331 ualet
885 3288 978 3331 autem
1021 3278 1101 3359 λασίιρ
1122 3275 1170 3349 τὴν
1189 3273 1304 3344 ἐξουσίαν
1330 3277 1502 3354 μετροῦντας·
1518 3262 1550 3348 ᾖ,
1575 3269 1624 3330 κᾶν
1647 3270 1684 3348 μὴ
1706 3271 1796 3350 πάθη,

199 3357 261 3440 eju}
280 3370 431 3421 auctoritas
441 3365 520 3438 apud
528 3367 608 3420 illum
619 3365 781 3437 plurimum.
1023 3365 1093 3433 δόξαι
1104 3387 1134 3443 γε
1148 3363 1240 3422 παθέἶν
1257 3359 1338 3420 διινόν
1352 3361 1421 3418 ἐστιν
1437 3356 1481 3417 ἐπί
1493 3365 1545 3424 τοῖς
1559 3361 1668 3428 ποιῆσαι
1686 3359 1796 3434 δυναμί·

241 3457 325 3509 Anno
338 3451 375 3508 50
386 3469 411 3512 a.
425 3453 470 3522 C.,
481 3461 513 3506 ut
524 3449 648 3520 videtur,
661 3451 845 3524 Theophanes
862 3447 980 3522 adopta·
1023 3475 1073 3518 νοις
1090 3451 1227 3529 γενομένῃ.
1249 3451 1335 3509 Τοῦτο
1350 3445 1437 3524 μόνον,
1459 3444 1493 3511 ὥς
1507 3467 1593 3525 φασιν,
1605 3445 1734 3525 ἀπέτρεψε
1753 3449 1798 3514 τῆς

200 3541 244 3596 vll
254 3541 416 3597 Cornelium
434 3539 566 3608 Balbum,
581 3537 706 3612 equitem
724 3537 904 3595 Gaditanum·
930 3536 977 3592 Cl·
1023 3541 1066 3600 ἐπὶ
1079 3539 1122 3598 τὸν
1137 3535 1276 3618 Εὐφράτην
1290 3537 1350 3594 ὀδοῦ
1361 3531 1518 3608 Πομπήιον·
1534 3534 1557 3590 tl
1570 3529 1601 3602 δή
1616 3556 1655 3599 τις
1672 3533 1710 3590 ἔτι
1726 3536 1798 3606 Πομ·

201 3647 271 3686 cero
281 3630 337 3684 Pro
352 3625 441 3682 Balbo
455 3645 480 3684 o.
503 3624 539 3682 25
559 3625 634 3702 (ομιτ
648 3627 740 3682 oratio
750 3644 810 3680 non
822 3633 887 3680 ante
902 3620 938 3678 55
951 3641 977 3679 a.
1024 3623 1103 3697 πηίου
1122 3622 1259 3702 λογισμὸς,
1284 3623 1342 3680 ἀλλ’
1365 3621 1425 3698 οθχὶ
1447 3619 1550 3695 δαίμων
1565 3617 1664 3690 ἐκείνην
1677 3622 1800 3697 ὑφηγεῖτο

199 3716 234 3774 C.
248 3715 345 3770 habitu
358 3709 411 3788 esti
433 3731 440 3768 ι
453 3715 601 3786 Adoptutio
616 3711 781 3787 Theophani
792 3716 901 3784 agitata
918 3722 974 3778 est,
1023 3711 1070 3782 τὴν
1078 3709 1146 3772 ὁδόν.
1157 3712 1404 3784 Plutarcl1.Pomp.
1416 3709 1463 3779 76.
1473 3711 1656 3781 Quantopere
1664 3709 1800 3764 sententia

197 3819 356 3875 perquam
383 3799 527 3855 Cornelius
549 3798 624 3854 nihil
640 3811 682 3854 est
699 3810 890 3872 proeterquam
910 3815 979 3870 pm·
1023 3802 1223 3876 Theophanem
1235 3799 1375 3869 fefellerit,
1388 3815 1482 3853 rerum
1494 3795 1723 3852 docuiteventus.
1735 3797 1800 3850 l’ost

198 3883 977 3961 pinquommsuorumhoeseditatessusecutus.ldemEp.
1024 3885 1325 3960 mortemPompeiiatl
1334 3881 1800 3960 quemnompatronumseGraeeus

200 3973 242 4030 acl
255 3977 314 4032 Au.
342 3975 408 4042 Vll,
434 3992 450 4044 ρ
473 3969 529 4051 (50
543 3991 570 4030 a.
581 3971 656 4046 C.):
677 3973 777 4028 Placet
798 3977 884 4046 igitur
895 3977 980 4027 ctiam
1025 3975 1212 4044 converterit,
1238 3973 1359 4028 divinari
1375 3970 1456 4026 facile
1469 3987 1550 4043 posse
1577 3968 1699 4037 videtur,
1729 3987 1798 4024 con·

202 4079 251 4116 mc
268 4063 415 4135 expulsum
435 4071 581 4133 stagnum
606 4059 779 4134 Campanum
796 4063 925 4132 periisse,
955 4072 983 4114 et
1024 4063 1130 4118 firmari
1140 4073 1267 4118 veterum
1279 4059 1438 4115 testimonio
1447 4075 1507 4112 ιιοιι
1515 4065 1617 4130 potest.

200 4148 366 4220 adoptatum
377 4151 527 4221 patricium
538 4165 557 4202 α
560 4147 686 4220 plebeio,
702 4147 870 4201 Gaditanum
880 4165 899 4200 a
914 4147 980 4218 My·
1065 4147 1162 4202 Paucis
1172 4147 1250 4202 aunis
1261 4155 1325 4218 post
1337 4163 1426 4217 quum
1445 4143 1534 4198 Caesar
1551 4157 1666 4214 quoque
1681 4139 1799 4194 cecidis-

204 4237 330 4292 tiienoeo.
1026 4233 1190 4300 set,Cicero
1209 4232 1246 4288 ad
1257 4233 1382 4289 Atticum
1399 4231 1468 4299 XV,
1488 4247 1522 4304 ¹9
1543 4227 1598 4304 [44
1615 4245 1642 4284 a.
1657 4223 1703 4302 C.)
1719 4244 1726 4279 ι
1745 4227 1800 4280 Fu·

246 4321 378 4394 Sequitur
398 4329 507 4396 tempus
532 4320 734 4378 calamitosum.
751 4321 849 4376 Cicero
870 4319 906 4375 ud
925 4323 981 4376 Au.
1025 4325 1134 4393 gimnus
1157 4325 1280 4394 igitur...
1306 4317 1488 4393 Theophanes
1516 4316 1593 4396 quid¹
1607 4315 1678 4368 uelit
1696 4319 1797 4370 nescio.

202 4408 291 4476 IX,1
306 4403 394 4482 [itia.
412 4401 476 4482 C.):
490 4408 628 4464 Cedamus
642 4412 732 4480 igitrtr,
748 4419 775 4463 et
792 4407 897 4462 utboni
914 4412 983 4462 cives
1025 4407 1180 4481 Scripserat
1197 4413 1272 4462 enim
1293 4407 1334 4461 od
1344 4424 1388 4460 sue
1402 4425 1413 4459 .-
1427 4407 1472 4458 cui
1492 4405 1630 4476 rescripsi,
1650 4411 1679 4454 ut
1695 4405 1798 4471 patui:

202 4499 299 4562 scmus,
319 4495 419 4551 belum
436 4497 532 4550 italice
544 4499 669 4568 marique
683 4491 846 4565 inseramus,
866 4505 894 4548 et
916 4498 983 4550 odia
1027 4493 1098 4548 mihi
1106 4505 1198 4548 autem
1207 4495 1311 4562 scribit,
1330 4497 1427 4548 uenire
1446 4491 1580 4544 admeto
1592 4487 1674 4557 velle,
1690 4498 1720 4541 ut
1730 4488 1800 4541 etde

204 4582 391 4656 improborum
414 4600 505 4637 rursus
534 4587 564 4636 in
585 4601 646 4648 nos,
674 4601 738 4656 quoe
754 4587 819 4652 jam
845 4587 983 4638 exstinctu
1026 4585 1082 4634 suis
1105 4581 1184 4636 rebus
1203 4593 1232 4636 et
1249 4581 1380 4654 quaedam
1400 4597 1464 4652 putu
1483 4577 1524 4631 ad
1542 4593 1586 4630 me
1606 4579 1768 4648 pertineant
1790 4594 1799 4625 r

203 4681 300 4736 erunt,
320 4669 513 4736 incendamus,
536 4669 816 4724 ctLucceiiconsilia
835 4687 869 4721 nc
893 4669 983 4724 Theo-
1028 4679 1089 4721 tuas
1100 4669 1194 4722 literas
1202 4667 1442 4742 exspectosuide,
1458 4681 1557 4737 quoeso,
1571 4680 1607 4716 ne
1620 4661 1689 4734 quid
1701 4672 1801 4716 terruere

200 4755 310 4830 phanis
313 4775 545 4831 pensequamur...
557 4756 693 4810 Dabimus
701 4755 753 4810 hoc
760 4756 898 4828 Pompeio,
911 4758 987 4828 qttod
1028 4755 1326 4814 inchoamentum
1340 4753 1376 4808 de
1386 4749 1558 4823 Theophane
1570 4748 1720 4803 silentium.

204 4845 353 4909 debemus5
368 4861 434 4898 uam
447 4861 490 4897 me
499 4845 609 4916 quidem
619 4845 693 4897 alius
706 4859 786 4896 uestro
800 4855 894 4897 mouet.
1067 4843 1168 4897 Filium
1192 4842 1306 4913 reliquit
1328 4841 1368 4899 Μ.
1393 4837 1558 4911 Pompeium
1574 4836 1715 4903 blaesum,
1737 4833 1802 4888 illu-

248 4933 339 4987 Casas
348 4932 417 4986 Bell.
433 4932 488 4988 civ.
498 4932 556 5000 lll,
572 4929 606 4986 ιδ
623 4931 718 5005 (initio
727 4949 772 4984 arr.
790 4930 898 5004 illpost
908 4950 983 4986 mor·
1028 4939 1112 4984 strem
1128 4929 1427 5002 equiternhomanum,
1437 4926 1486 4998 qui
1498 4923 1549 4978 sub
1561 4925 1685 4996 Augusto
1695 4920 1802 4976 biblio-

206 5027 266 5074 tem
280 5015 391 5093 bibuli)
421 5017 591 5087 :Vibullius
609 5019 705 5074 sedato
719 5017 840 5083 tumultu,
856 5037 983 5091 quemue·
1029 5016 1115 5071 thecis
1126 5013 1574 5088 ordinumlispruelectushsiaeque
1582 5017 1761 5083 procurator,
1776 5017 1804 5061 et

202 5110 338 5179 poninus
358 5107 489 5163 aslvcntus
507 5107 629 5183 Caesaris
646 5111 842 5174 concitauerat,
868 5107 915 5162 ubi
920 5113 984 5181 pn'-
1031 5103 1132 5160 deiutlc
1147 5104 1261 5159 Tiberio
1282 5103 1333 5158 sub
1352 5103 1432 5157 initio
1455 5100 1514 5172 ejus
1534 5099 1611 5173 regni
1625 5096 1801 5172 gratissimus.
