3972 5728
264 337 321 390 car
639 325 832 390 CLAUDIUS
853 325 997 388 CAESAR.
1022 323 1238 390 Portunus
1256 327 1482 412 annutritus.

627 479 669 518 ιο.
1454 480 1483 520 a.

357 589 380 642 r
401 586 512 644 ¹⁴¹¹³¹¹⁰
533 587 731 642 musmo
752 586 932 641 SECUNDO.
1082 552 1377 706 ..ιιῗύῖῗύῗύὲῖὲύέ
1397 573 1476 688 'ili
1485 575 1495 612 ¹
1513 558 1831 696 {millitis

299 723 378 780 Idem
390 726 424 792 V,
438 721 474 778 36
488 739 496 780 :
511 716 544 778 ‘0
559 717 586 776 δδ
600 717 768 798 Θιύρραοτος
781 717 883 796 γέγονεν
897 717 963 798 ἀνὴρ
976 741 1036 777 συν·
1083 729 1128 772 tur
1138 720 1340 776 mediterraneo
1350 653 1523 790 coirrmerssir,
1541 656 1748 798 iusuidsquoque
1756 661 1833 800 plinii

259 808 386 874 ιτιύτατος
405 807 450 866 καλ
467 805 673 886 φιλοπονώτατος
683 805 740 878 καὶ,
752 805 820 864 καθά
830 827 894 885 φησι
907 805 1036 886 Παμφίλη
1084 807 1243 878 amplexus,
1266 812 1383 878 triginta
1395 809 1438 864 M.
1449 827 1579 882 patruum
1592 816 1713 880 trajectu,
1728 813 1770 868 CL
1780 833 1831 870 aru·
1915 814 1916 864 l

259 899 286 954 ir
297 899 334 974 τῷ
344 895 490 974 τριακοστῷ
504 893 615 974 δευτέρῳ
624 895 675 952 τῶν
684 892 908 972 Ὑπομνημάτων,
914 893 1038 977 διδύοκρ-
1084 892 1153 960 bitu,
1161 893 1295 976 'uttradit
1306 893 1441 950 Claudius
1451 895 1559 954 (ἕτερον,

259 986 302 1050 λος
317 981 468 1062 Μενάνδρου
482 985 526 1040 τοῦ
539 985 667 1056 κωμικοῦ.
1006 1027 1008 1035 .
1461 987 1478 1044 3

1127 1081 1231 1136 Plinius
1244 1081 1281 1138 fl.
1297 1081 1333 1136 N.
1348 1083 1443 1155 V1,9,
1459 1099 1515 1139 ro:
1533 1083 1673 1139 Universoe
1687 1079 1834 1164 (Armenia)

1086 1168 1306 1240 magnitudinem
1315 1169 1446 1240 Aufidius
1454 1173 1637 1244 quinquagies
1646 1183 1753 1226 centena
1761 1175 1835 1227 miliia

393 1265 666 1354 CLAUDqu
695 1265 881 1352 CAESAR
1081 1255 1215 1328 prodidit.
1232 1253 1366 1310 Claudius
1380 1256 1480 1310 Coesar
1491 1257 1688 1328 longitudinem
1701 1278 1718 1312 α
1734 1261 1836 1313 Dascusa
1916 1307 1917 1324 ,

638 1321 651 1350 '⁵
891 1331 899 1350 ⁸
1084 1342 1287 1414 adcorrfirrium
1302 1343 1401 1416 Caspii
1416 1349 1513 1412 maris,
1531 1345 1619 1398 XIII
1630 1348 1832 1420 mill.pursuum;
1916 1325 1917 1348 θ

301 1433 452 1488 Suetonius
464 1429 561 1488 Claud.
574 1449 600 1488 c.
615 1437 651 1496 in
662 1448 669 1488 t
681 1433 738 1486 Nec
749 1437 855 1486 minore
863 1451 930 1488 curn
941 1435 1040 1488 Grnrea
1086 1430 1262 1484 tacturdmem
1269 1431 1419 1486 dimidium
1428 1438 1498 1502 eJ'us,
1511 1451 1531 1486 a
1542 1432 1734 1502 Tigranocerta
1741 1433 1776 1486 ad
1784 1433 1835 1486 Ibe·

260 1523 355 1576 studia
366 1531 471 1575 secutus
480 1529 530 1585 est,
545 1536 667 1572 amorem
673 1525 923 1594 proestarrtiamque
935 1523 1041 1593 linguoe
1085 1521 1171 1570 riam·

260 1612 403 1664 occasione
429 1610 505 1660 omni
528 1601 703 1678 professus...
731 1605 857 1678 Denique
878 1619 908 1660 et
928 1607 1041 1662 Graecus
1392 1606 1546 1632 ‘'⁰⁰⁹''

259 1700 314 1750 seri
347 1699 369 1747 it
380 1692 521 1758 historias,
538 1691 594 1766 Τυρ
630 1689 706 1746 νικῶν
722 1697 835 1762 uiginti,
857 1691 898 1748 Κα
916 1692 1041 1758 *ηθονια-

260 1713 395 1836 κῶνΙδςοιο.
412 1780 535 1850 Quarum
549 1711 634 1830 caudit
644 1782 732 1832 veteri
745 1713 935 1834 Alexandri&
944 1782 1041 1835 Museo
1155 1705 1452 1794 POLYAENUS
1474 1707 1779 1798 SARDIANUS'

261 1869 379 1920 alterum
398 1865 524 1918 additum
536 1868 674 1937 exipsius
688 1869 816 1932 nomine;
834 1870 1040 1940 institutumque
1127 1863 1246 1920 Suidus:
1263 1859 1447 1926 Πολύαινος
1461 1861 1658 1940 Σαρδιανὸς,
1673 1861 1836 1941 especiem·

261 1965 292 2008 ut
306 1955 453 2026 quotannis
476 1955 505 2004 r'rr
519 1951 608 2004 altero
625 1949 796 2026 Τυρρανικῶν
812 1953 887 2019 libri,
910 1959 939 2008 in
953 1955 1042 2009 altero
1087 1948 1168 2027 γονιδς
1177 1947 1219 2006 ἐπὶ
1229 1952 1273 2006 τού
1287 1945 1392 2024 πρώτου
1404 1945 1536 2025 Καίσαρος
1551 1944 1643 2012 Γαΐου.
1655 1947 1746 2026 Λόγους
1758 1949 1837 2006 lunu-

262 2037 497 2118 Καρχηδονιακῶν,
511 2038 605 2092 diebus
617 2043 738 2104 statutis,
758 2041 833 2092 uelrrt
846 2045 874 2093 in
888 2042 1035 2110 auditorio,
1088 2033 1148 2101 κοθς
1155 2033 1200 2092 καὶ
1210 2035 1287 2092 δικῶν
1297 2033 1356 2106 ἤτοι
1367 2037 1541 2113 συνηγορικῶν
1552 2035 1733 2101 ύποτυπύοιις.
1741 2036 1837 2114 epip-
1918 2071 1919 2074 =

262 2126 1040 2198 recitarenturtotiasingulispervicea.DelatinisClau·
1087 2121 1142 2179 ύυυ
1166 2124 1332 2201 Παρθικοῦ
1349 2118 1522 2200 (Παρθικὰ
1544 2125 1652 2182 Eudoc.
1672 2144 1701 2198 p.
1723 2121 1788 2198 354]
1802 2127 1837 2198 βι·

262 2215 303 2270 dii
314 2214 437 2270 historiis
451 2212 527 2268 idern
540 2211 610 2266 ibid.
621 2230 645 2268 c.
659 2218 693 2276 41
709 2213 784 2266 :aln
793 2213 954 2286 principatu
965 2234 1040 2288 quo·
1088 2207 1139 2266 θλύ
1147 2231 1163 2266 α
1178 2209 1213 2285 γ’,
1228 2207 1273 2266 καὶ
1288 2208 1368 2268 ἄλλα.

263 2320 320 2374 que
334 2312 361 2356 et
375 2301 485 2372 scripsit
501 2299 654 2372 plurimum
673 2308 702 2352 et
720 2299 828 2354 assidue
846 2301 975 2356 recitavit
990 2321 1042 2376 per
1127 2295 1309 2362 Πολύαινος
1329 2291 1498 2366 Μακεδὼν,
1520 2295 1619 2376 ῥήτωρ.
1642 2295 1719 2376 Περὶ
1731 2296 1836 2368 Θηύῶν.

263 2388 407 2442 lectorem.
421 2386 536 2440 Initium
547 2394 639 2438 nutem
651 2386 767 2456 sumpsit
778 2384 902 2440 historice
915 2397 980 2459 post
989 2408 1042 2442 ce-
1086 2383 1207 2446 Τακτικδι
1225 2381 1314 2462 βιὸλύα
1329 2382 1364 2460 γ’.

264 2474 329 2529 dem
339 2474 450 2528 Caesaris
462 2471 616 2526 dictatoris.
632 2470 728 2528 Sedet
742 2473 849 2526 transiit
861 2473 898 2529 ad
909 2474 1043 2532 inferiora
1127 2475 1168 2530 Ex
1180 2473 1258 2528 libris
1268 2475 1311 2528 De
1331 2472 1476 2544 triumpho
1497 2473 1644 2542 Parthico,
1658 2491 1737 2546 quam
1750 2475 1838 2546 Polyae-
1919 2539 1920 2546 ρ

264 2569 410 2633 tempora,
430 2559 601 2632 coepitquea
618 2576 690 2632 paco
701 2559 776 2612 civili
797 2577 909 2632 :quum
929 2564 1044 2620 sentiret
1088 2578 1140 2614 nus
1152 2558 1389 2632 Sardianus‚Cuii
1401 2558 1532 2633 Caligulae
1544 2561 1839 2635 reqrralis,scripsit‚ni-
1919 2553 1920 2612 ἶ

264 2663 356 2718 neque
369 2644 458 2700 libere
471 2661 564 2716 neque
578 2662 642 2700 vere
662 2644 714 2700 sibi
728 2644 764 2700 de
778 2649 970 2718 superioribus
983 2661 1042 2706 tra-
1087 2647 1128 2700 hil
1146 2658 1293 2720 niperstea.
1318 2669 1331 2694 ι
1354 2645 1481 2702 Fortasse
1508 2655 1602 2701 autem
1631 2665 1715 2720 quum
1739 2648 1838 2720 sophista

264 2731 350 2788 dendi
368 2741 537 2806 potestatem
558 2732 701 2799 relictam,
725 2744 873 2806 correptus
887 2753 958 2810 τερα
977 2748 1007 2793 et
1027 2757 1043 2793 a
1088 2733 1173 2788 luerit
1186 2743 1214 2788 ct
1227 2733 1257 2788 in
1271 2733 1360 2788 causis
1373 2730 1501 2788 dIcendis
1513 2750 1542 2788 se
1556 2736 1729 2809 exercuerit,
1748 2753 1800 2807 que
1811 2733 1839 2788 dc

264 2829 353 2878 matre
370 2829 398 2876 ct
418 2819 453 2876 ab
468 2820 539 2878 avia.
554 2819 659 2874 Prioris
672 2821 794 2876 materiae
810 2819 868 2876 duo
883 2824 1042 2901 volumina,
1089 2821 1232 2894 triumpho
1244 2819 1376 2875 Parthico
1391 2817 1481 2873 edidit
1492 2837 1550 2874 non
1566 2831 1624 2876 tam
1637 2820 1712 2876 fuere
1722 2838 1839 2876 commen·

263 2907 427 2980 posterioris
441 2925 529 2964 tinum
539 2917 568 2962 et
580 2905 766 2980 quadraginta
779 2909 905 2984 reliquit.
917 2911 1043 2986 Compo-
1088 2909 1152 2962 terii
1167 2908 1275 2962 histonii
1289 2925 1375 2980 quam
1395 2907 1537 2966 orationes
1554 2910 1763 2982 panegyrice.»
1784 2908 1839 2962 Vos-

264 2997 318 3050 suit
326 3005 354 3052 et
366 2993 402 3052 de
411 2995 469 3050 rita
475 3011 525 3050 sua
535 3003 601 3048 octo
608 2993 753 3050 volumina
759 2995 847 3068 magis
856 2995 949 3072 inepte
959 3017 1043 3072 quiam
1089 3011 1149 3050 arus
1161 2995 1232 3050 Hist.
1244 2994 1295 3052 Gr.
1307 3011 1336 3067 p.
1350 2990 1418 3050 αδδ.
1431 2991 1510 3047 Alter
1519 2992 1666 3066 Polyaenus
1675 2994 1791 3060 Macedo,
1800 2993 1839 3047 orb

560 1141 742 1168 -οοοοο-

264 3081 445 3156 inclegnntcr.
461 3081 532 3136 Item
552 3079 695 3136 Ciceronis
708 3079 899 3138 defensionem
913 3083 1044 3142 adversus
1088 3083 1167 3136 Divis
1180 3081 1313 3137 fratribus
1323 3077 1442 3150 florens,
1461 3080 1684 3152 strategemata
1701 3081 1779 3136 libros
1788 3089 1839 3134 octo
1920 3123 1921 3144 ς

264 3169 352 3224 Asinii
359 3168 430 3224 Galli
440 3167 528 3222 libros
536 3167 599 3222 satis
609 3166 757 3224 eruditam.
767 3192 780 3216 ι
792 3199 831 3210 -
841 3170 875 3224 ln
882 3171 1043 3228 universum
1090 3167 1178 3242 (quos
1194 3167 1334 3226 Τακτικῶν
1357 3162 1467 3244 βιύλύοις
1480 3161 1503 3240 γ’
1513 3165 1649 3242 indicari,
1663 3167 1780 3240 adeoque
1798 3183 1839 3240 pro

265 3255 301 3312 cf.
316 3257 439 3312 Ioannes
451 3253 642 3310 Antiochenus
655 3255 685 3308 in
698 3255 766 3311 Exc.
787 3255 888 3312 Valesii
910 3275 939 3330 p.
956 3257 1012 3316 805
1034 3279 1042 3318 :
1088 3249 1112 3328 γ’
1121 3253 1301 3310 scribendum
1310 3271 1367 3310 esse
1378 3249 1404 3322 η’
1414 3253 1539 3326 Corayus
1549 3263 1639 3327 putat,
1648 3254 1747 3328 absque
1756 3251 1839 3308 idoneo

264 3337 327 3398 Ὅτι
340 3337 469 3404 Κλαύδιος
481 3340 495 3395 ὁ
508 3335 628 3416 βασιλεὺς
641 3335 783 3412 Ῥωμαίων
796 3337 844 3410 τὴν
859 3337 906 3415 μὲν
918 3340 1004 3422 ψυχὴν
1014 3345 1043 3402 ού
1089 3341 1270 3416 argumento)
1282 3341 1401 3416 scripsit,
1411 3341 1453 3394 nti
1463 3349 1583 3400 constat.
1597 3343 1639 3398 De
1649 3341 1719 3396 libro
1728 3341 1839 3396 historico

265 3427 361 3504 ραῦλος
372 3423 498 3502 ἐγεγύνιι,
510 3426 537 3482 ἐν
548 3423 654 3505 naudelu
668 3423 815 3495 δθήακιῑτο
828 3428 863 3493 ὣς
873 3427 918 3486 καλ
928 3430 1044 3510 συγγρά-
1090 3423 1157 3504 Πιρλ
1177 3424 1275 3496 Θηύιῗιν
1290 3425 1403 3484 aliunde
1417 3444 1476 3482 non
1490 3427 1596 3502 liquet,
1610 3427 1662 3482 nisi
1674 3437 1749 3502 putes
1760 3427 1839 3480 Macc-

265 3516 314 3590 ψαι
336 3511 405 3570 τινύ.
430 3545 469 3556 -
491 3513 634 3570 Laudatur
647 3513 779 3572 Clnudius
800 3517 945 3590 aliquoties
967 3520 1045 3592 apud
1090 3513 1192 3570 donem
1213 3514 1288 3570 hunc
1308 3512 1430 3570 eundem
1450 3529 1506 3568 esre
1526 3531 1592 3568 cum
1605 3511 1762 3568 Atheniensi
1773 3527 1840 3582 <11⁸0ss

266 3601 398 3668 Plinium,
409 3600 459 3672 qui
468 3599 802 3676 latinashistoriasapace
810 3604 884 3658 civili
894 3606 1043 3662 exordieu-
1090 3599 1126 3656 de
1139 3619 1170 3656 re
1184 3599 1221 3656 ad
1241 3599 1401 3656 Thebarum
1421 3599 1567 3674 regionem
1590 3601 1744 3674 pertinente
1765 3593 1840 3650 laudnt

267 3697 306 3742 tos
317 3695 381 3742 ante
392 3687 489 3740 oculos
501 3686 628 3742 habuisse
639 3687 781 3760 putandus
794 3701 843 3746 est.
1090 3687 1233 3760 syncellus
1241 3705 1268 3760 p.
1283 3685 1347 3757 151,
1356 3685 1395 3745 C:
1408 3682 1558 3760 Αἰγυπτίων
1572 3683 1600 3759 μ’
1613 3680 1840 3755 ἐύασθλιυσενἏμι-

1089 3773 1182 3852 νῶρθις
1195 3770 1240 3842 ἔτη
1261 3771 1332 3832 λδ...
1346 3761 1429 3837 Oinoe
1440 3774 1455 3828 δ
1467 3769 1625 3850 ’λμινῶρθίς
1644 3772 1710 3829 ἐστιν
1724 3765 1839 3840 illinitur

1090 3849 1155 3916 εἶναι
1169 3856 1333 3934 νομιζύμνος
1346 3858 1392 3916 καὶ
1406 3856 1577 3937 ρθιγγύμινος
1587 3857 1670 3924 λίθος·
1684 3855 1782 3916 δνλίθον
1791 3847 1840 3928 χρύ-

306 3939 412 3992 Plinius
428 3941 465 3998 H.
482 3941 515 3994 N.
535 3941 608 4010 XII,
633 3959 685 4010 ra,
707 3943 744 4015 39
769 3962 775 3996 :
798 3945 962 4017 Peregrinos
982 3955 1045 4022 ipra
1090 3967 1141 4010 νοις
1155 3943 1260 4022 ύστερον
1273 3941 1422 4020 Καμύύοης
1435 3947 1449 4002 ὁ
1464 3945 1574 4022 Πιροῶν
1591 3943 1693 4018 duur,
1707 3924 1840 4016 „optimi-

268 4023 405 4100 (Arabia)
420 4031 490 4080 mire
511 4027 609 4082 otiores
630 4039 659 4081 et
678 4030 719 4081 ad
729 4041 838 4084 eeteros
851 4038 935 4104 petit.
953 4035 1044 4090 Tanta
1089 4053 1132 4088 ναι
1142 4031 1262 4104 γοητείαν
1276 4031 1302 4089 ἒν
1317 4031 1403 4110 αὐτῷ,
1417 4031 1451 4096 ὡς
1465 4029 1610 4096 Πολύαινος
1623 4034 1638 4088 θ
1650 4027 1771 4100 Ἀθηναῖοι
1785 4025 1839 4082 law·

267 4113 429 4166 mortalibus
442 4131 532 4166 rerum
548 4131 659 4168 suarum
672 4119 788 4170 satietas
801 4129 850 4184 est,
870 4121 1044 4176 alienarum·
1090 4125 1137 4196 ριῑ.
1152 4121 1194 4176 CI.
1205 4121 1310 4178 Chron.
1331 4119 1427 4176 Pasch.
1439 4137 1468 4194 p.
1486 4125 1555 4190 1443
1567 4119 1747 4174 Attiautieista
1755 4133 1781 4188 p·
1797 4127 1839 4180 η9

266 4217 319 4272 que
338 4200 466 4256 aviditas.
486 4201 589 4254 Petunt
606 4205 694 4274 igitur
713 4206 743 4256 in
762 4204 901 4276 Elymaeos
917 4209 1043 4264 ardorem
1089 4218 1117 4262 et
1135 4207 1204 4276 130,
1224 4207 1274 4262 ubi
1294 4207 1393 4264 eadem
1413 4207 1577 4280 ePolyeno
1597 4215 1754 4261 narrantur.
1772 4199 1839 4270 wyt-

268 4287 387 4348 irratum,
406 4283 618 4359 cupressofusoe
630 4290 763 4357 slmilem,
779 4309 816 4345 en
827 4291 930 4347 albidis
941 4301 1038 4363 ramis,
1088 4295 1218 4352 tenbach.
1234 4295 1308 4352 Bihl.
1324 4296 1387 4352 crit.
1407 4297 1438 4352 P.
1454 4295 1513 4363 XI,
1526 4313 1556 4368 p.
1580 4292 1644 4363 178.
1662 4296 1704 4349 De
1716 4309 1745 4346 re
1755 4308 1777 4344 r.
1795 4288 1838 4341 Le-

261 4372 381 4444 jucundi
390 4373 481 4428 odoris
491 4392 650 4442 accensam,
666 4387 695 4430 et
706 4395 766 4432 cum
776 4381 910 4434 miraculo
920 4381 1045 4438 Historiis
1088 4384 1217 4440 tronnius
1241 4385 1284 4438 Lo
1306 4394 1395 4437 statue
1421 4385 1520 4438 vocale
1542 4384 1578 4437 de
1598 4384 1729 4436 Memnon
1749 4373 1837 4452 (raris.

269 4460 381 4514 Claudii
401 4460 524 4516 Cccsaris
544 4463 741 4534 predicatum.
757 4467 842 4522 Folia
862 4473 922 4538 ejus
938 4475 1044 4546 insper-
1092 4465 1196 4543 1833);
1207 4469 1364 4524 Witrschel.
1377 4469 1407 4522 in
1418 4469 1525 4542 Pautys
1538 4469 1712 4540 Realerreycl.
1724 4484 1749 4520 ν.
1762 4463 1837 4518 Men·

266 4564 333 4626 pere
342 4549 500 4620 potionibus
513 4549 632 4606 Parthos
645 4553 741 4612 tradit.
753 4553 871 4608 Odorem
882 4564 1044 4630 esseproni-
1087 4575 1159 4624 non,
1173 4557 1258 4630 etqui
1270 4555 1309 4609 ibi
1319 4555 1480 4612 laudantur.
1495 4558 1538 4612 De
1549 4555 1681 4627 Polyaeno
1694 4553 1731 4607 M.
1746 4549 1839 4604 rhetore

269 4649 342 4696 prum
354 4633 448 4700 cedro,
464 4630 631 4708 fumumque
647 4644 707 4707 ejus
720 4650 815 4694 contra
829 4641 908 4711 ligna
922 4643 984 4697 alin
996 4661 1043 4698 re-
1087 4639 1646 4710 v.stobaeusr10rit.xnu1,53.55.41
1675 4652 1702 4696 et
1714 4630 1838 4712 Appendji

269 4721 368 4778 medio.
383 4723 514 4776 Nascitur
528 4724 602 4777 ultra
615 4725 771 4799 Pasitigrin
785 4733 814 4780 r'rr
823 4727 929 4800 finibus
946 4733 1044 4804 oppidi
1087 4745 1102 4782 c
1117 4728 1182 4788 cod.
1196 4729 1361 4784 Florentino
1376 4729 1433 4798 111,
1450 4735 1497 4794 42.

269 4806 430 4876 Sittacenen,
448 4814 477 4863 irr
493 4823 585 4866 monte
596 4815 696 4887 Zagro.
1405 4849 1567 4874 ......-κ

638 4981 679 5030 ¹⁰·
1090 4991 1158 5050 laris,
1170 4993 1255 5052 atque,
1265 4991 1293 5040 ut
1303 4991 1385 5040 seribii
1397 4989 1519 5052 Pamphila
1535 4990 1656 5040 tricesimo
1670 4983 1768 5037 aecrinrlo
1782 4984 1837 5030 com·

302 5053 581 5116 fnitTireophrnatnsrir
588 5073 687 5110 summe
695 5061 827 5122 prudentie
834 5063 955 5128 studiique
964 5067 1044 5130 singu·
1089 5069 1260 5118 turrianorum
1272 5067 1345 5129 libro,
1359 5067 1515 5118 Menandrum
1527 5067 1646 5118 comicum
1662 5061 1765 5116 irniituit
