3972 5728
231 305 287 356 468
854 293 960 354 JUBAE
983 293 1199 356 MhUlllTth
1305 305 1309 310 '

227 431 279 486 bus
293 429 329 486 ad
351 449 427 484 suam
446 439 550 484 atatem
572 427 717 484 deduxisse
731 427 851 486 ridetur.
866 431 947 484 Certe
967 429 1002 484 de
1047 429 1190 482 Raimanos
1213 425 1367 500 redegerit,
1392 425 1490 498 quidni
1514 426 1586 482 idem
1604 427 1631 480 in
1649 427 1728 482 laba
1745 428 1826 483 libris

227 516 309 572 Sullae
321 517 404 570 rebus
416 534 506 569 sermo
514 526 554 570 est
563 515 594 568 ir.
611 515 656 572 ril.
665 513 749 584 Quod
760 513 796 568 de
803 515 928 568 Sertorio
939 533 1001 568 nar·
1048 515 1231 588 excerpendis
1244 514 1337 568 secisse
1349 513 1509 568 censeatur?

229 614 306 658 ratur
330 603 366 660 ir.
388 621 437 674 19,
459 604 597 658 incertum
612 613 650 656 est
671 611 766 654 utrum
782 601 817 656 nd
842 597 944 656 Λιὸυκὰ
968 619 1003 656 an
1088 604 1269 674 Quantopere
1290 603 1391 656 Noster
1412 617 1522 668 rerum,
1538 617 1601 671 qua
1622 599 1659 654 ad
1672 603 1826 656 naturalem

229 689 264 742 ad
278 685 417 761 Ῥωμαϊκὰ
428 689 462 742 sit
474 687 664 746 referendum.
678 683 874 762 Ἀρχαιολογίαν
889 683 1004 760 Ῥωμαϊ-
1049 689 1192 742 historiam
1203 689 1353 760 pertinent,
1361 687 1499 742 studiosus
1507 687 1715 742 suerithrabiea
1724 687 1828 742 docent

228 774 276 842 κὴν
296 777 421 830 nominat
438 777 593 848 Stephanus
605 773 750 846 Byzantius
771 773 821 848 (ir.
841 773 900 848 15).
920 773 1003 844 Quod
1048 775 1272 830 luculentissime.
1284 774 1385 828 lisdem
1398 774 1538 846 peculiare
1553 791 1624 846 opus
1633 771 1826 840 dedicaverat,

229 863 278 916 etsi
292 880 344 934 per
356 879 384 914 se
399 863 514 914 minime
530 860 632 933 probat
646 861 683 914 ad
697 861 875 930 antiquitates
885 861 1004 914 maxime
1049 861 1215 934 ΦυσιοἊογα,
1236 863 1276 916 uti
1291 861 1414 930 ridetur,
1436 861 1610 933 inscriptum.
1632 860 1723 915 Etiam
1737 861 1775 916 de
1796 881 1829 916 re

230 952 370 1003 Romanas
379 946 394 1001 J
397 947 480 1002 ubam
494 947 659 1014 attendisse,
669 947 793 1018 reliquia
806 957 914 1014 tamen,
926 959 955 1001 ut
967 947 1004 1002 ita
1049 950 1149 1003 rustica
1160 949 1296 1002 nescioan
1304 948 1396 1019 aliqua
1405 947 1612 1020 composuerit(
1623 965 1646 1002 r.
1656 947 1691 1006 ir.
1704 943 1768 1020 69).
1782 949 1830 1003 Ad

228 1044 388 1101 statuamus,
403 1032 581 1107 persuadent.
595 1033 688 1104 Magni
703 1032 822 1088 ambitus
832 1033 946 1086 historia
955 1051 1010 1086 noa
1048 1044 1136 1090 artem
1150 1032 1289 1088 medicam
1302 1043 1427 1105 spectant
1441 1033 1528 1087 libelli
1540 1037 1582 1088 De
1599 1035 1665 1106 opio
1679 1046 1708 1088 et
1722 1034 1758 1088 de
1774 1053 1830 1090 eu-

230 1121 327 1186 luerit‚
343 1121 492 1175 namlibro
506 1118 630 1173 secundo
643 1118 700 1190 jam
715 1137 807 1174 sermo
821 1131 880 1174 erat
894 1119 929 1174 de
945 1121 1004 1174 h'u-
1048 1119 1184 1192 phorbia‚
1203 1119 1279 1172 mirae
1302 1119 1412 1174 virtutis
1429 1119 1531 1184 herba,
1556 1137 1640 1191 quam
1664 1120 1694 1172 in
1715 1121 1832 1175 Atlante

230 1209 343 1264 mantia.
360 1208 455 1262 Graece
468 1225 539 1280 opus
552 1207 686 1279 seriptum
698 1223 754 1260 esse
769 1215 884 1260 testatur
897 1206 1004 1260 Plutar·
1048 1221 1098 1258 rex
1120 1205 1164 1258 rel
1178 1205 1272 1278 potius
1285 1203 1410 1258 medicus
1423 1205 1496 1277 regis
1517 1204 1687 1276 Euphorbus
1709 1203 1832 1279 indaga-

230 1295 297 1348 chus
306 1296 335 1348 in
347 1293 444 1366 Comp.
453 1293 549 1366 Pelop.
564 1311 587 1348 e.
598 1293 682 1346 Marc.
693 1289 744 1364 (ir.
758 1289 869 1364 17tubi
882 1309 889 1346 :
903 1285 1004 1364 Ἡμεῖς,
1049 1301 1136 1347 verat.

230 1383 283 1448 ait,
295 1376 393 1456 Antip,
410 1379 524 1453 Καίσαρι
539 1375 583 1434 ani
598 1375 716 1445 Ninon,
729 1373 774 1434 ael
785 1378 845 1432 τῶν
860 1372 1004 1444 Ἕλληνι·
1089 1379 1132 1432 De
1147 1391 1208 1432 arte
1217 1383 1345 1451 pictoria,
1365 1379 1408 1432 De
1415 1379 1568 1450 pictoribus
1578 1396 1724 1450 cocuntque
1735 1385 1832 1453 operi-

231 1467 291 1522 κῶν
308 1467 346 1544 τῷ
368 1467 470 1541 βασιλεῖ
491 1463 563 1542 Ἰόὸᾳ
579 1461 745 1538 πιστεύομεν.
770 1464 849 1520 ldem
864 1467 894 1519 in
908 1465 1004 1520 Caesar.
1053 1467 1205 1520 busmultis
1215 1476 1381 1538 exposuerat
1390 1465 1588 1530 voluminibus,
1601 1483 1635 1520 es
1647 1466 1750 1538 quibus
1759 1467 1834 1522 nihil

231 1579 256 1614 c.
272 1553 308 1610 55
330 1555 432 1610 lubam
445 1552 513 1608 dicit
529 1549 556 1617 ἐξ
569 1549 701 1628 βαρὸάρω
720 1549 765 1607 real
777 1547 886 1625 νομάδας
898 1547 1006 1618 ‘Etis
1049 1553 1100 1606 nisi
1113 1553 1171 1606 duo
1182 1552 1217 1608 de
1232 1553 1378 1608 Parrhasio
1388 1562 1415 1606 et
1429 1552 1587 1625 Polygnoto
1600 1551 1754 1625 fragmenta
1762 1571 1832 1626 per-

139 1645 142 1654 *
230 1659 290 1696 νων
304 1642 357 1704 τοῖς
367 1637 605 1713 πολυμαθεστάτοις
614 1635 750 1715 ἐνάριθμον
760 1635 877 1712 γενέσθαι
891 1657 1004 1716 συγγρα-
1050 1638 1196 1696 durarunt.
1213 1639 1339 1696 Fortasse
1352 1638 1503 1712 descriptio
1517 1639 1707 1711 picturarum,
1722 1641 1831 1712 quibus

230 1730 315 1804 pater.
330 1730 398 1800 Qua
416 1727 539 1781 scribens
553 1726 717 1780 Plutarchus
730 1743 818 1798 quum
836 1725 883 1780 vix
900 1723 1005 1782 deuna
1051 1725 1222 1797 Polygnotus
1235 1726 1339 1798 aliique
1359 1735 1541 1779 monumenta
1555 1724 1728 1780 Atlrenantm
1744 1745 1831 1782 orna·

230 1815 423 1869 homanorum
442 1813 559 1868 historia
584 1813 762 1886 cogitaverit,
783 1821 867 1884 atque
893 1813 951 1884 ipse
972 1831 1005 1868 ex
1050 1823 1160 1878 verant,
1177 1813 1206 1866 in
1220 1830 1300 1868 causa
1313 1813 1375 1882 luit,
1389 1831 1440 1866 cnr
1453 1813 1574 1868 amicum
1584 1813 1702 1886 Augusti
1717 1814 1832 1869 civitate

231 1901 291 1955 aliis
301 1900 380 1954 Jubae
394 1899 473 1954 libris
484 1898 652 1972 deprompta
667 1897 780 1967 alferat,
794 1900 878 1954 etiam
897 1899 1007 1970 reliqua
1051 1898 1216 1954 donandum
1227 1909 1372 1972 statuaque
1384 1898 1584 1954 honorandum
1596 1909 1729 1972 putarent
1741 1901 1830 1956 Athe-

230 1989 303 2061 regis
315 2003 401 2060 opera
415 2003 503 2060 graece
520 1997 630 2040 exarata
646 1983 727 2040 luisse
745 1985 922 2040 statuendum
937 1987 1005 2054 erit,
1054 1987 1171 2042 nienses.
1188 1985 1350 2041 Eorundem
1368 1986 1465 2042 urbem
1487 1987 1575 2040 altero
1590 1985 1662 2040 Juba
1683 1986 1831 2042 illustrarit

231 2075 283 2128 nisi
297 2073 451 2145 peculiares
462 2073 583 2127 rationes
597 2070 701 2138 adsint,
717 2090 768 2126 cur
779 2091 868 2127 unum
879 2073 923 2128 rel
938 2074 1007 2128 alte·
1051 2091 1147 2145 opere,
1161 2069 1262 2149 ἱστορία
1272 2069 1395 2148 trespach
1405 2075 1548 2146 inscripto.
1559 2073 1692 2144 Reliquiae
1704 2073 1762 2144 ejus
1772 2073 1831 2128 fere
1902 2057 1907 2064 ’

231 2177 294 2212 rum
306 2159 392 2213 latino
406 2176 535 2213 sermone
546 2159 680 2232 scriptum
693 2159 833 2214 malueris.
1051 2177 1148 2214 omnes
1160 2171 1224 2213 sunt
1237 2159 1273 2214 de
1286 2161 1477 2216 instrumentis
1488 2160 1599 2215 musicis
1612 2159 1704 2232 deque
1715 2163 1830 2234 generi-

269 2249 312 2301 De
325 2251 495 2314 Assyriorum
506 2245 638 2314 historia,
651 2247 680 2300 in
693 2263 747 2318 qua
760 2247 893 2302 Berosum
908 2258 1007 2302 auctor
1051 2248 1103 2300 bus
1116 2247 1303 2304 saltationum.
1316 2249 1419 2304 Verum
1437 2247 1473 2302 de
1485 2248 1551 2319 ipsis
1565 2264 1681 2318 quoque
1698 2238 1790 2320 poetis
1802 2259 1831 2302 et

234 2343 344 2388 secutas
356 2341 411 2399 est,
422 2351 481 2386 non
492 2333 583 2388 habeo
596 2332 674 2406 quod
685 2332 789 2390 dicam.
1052 2331 1087 2387 dc
1101 2334 1209 2387 ratione
1224 2351 1279 2405 qua
1293 2344 1458 2408 argumenta
1469 2351 1518 2388 sua
1537 2335 1718 2388 tractaverint
1729 2343 1829 2388 aucto-

271 2421 304 2476 ln
320 2419 416 2489 libyca
436 2421 617 2494 descriptione
630 2419 731 2474 iubam
744 2419 865 2474 Punicos
880 2432 1008 2478 auctores
1052 2437 1110 2474 rem
1122 2419 1280 2474 disseruisse
1292 2420 1406 2494 colligas
1419 2439 1454 2474 ex
1466 2419 1565 2492 fragm.
1582 2417 1630 2474 83.

234 2507 275 2580 (v.
285 2527 308 2563 c.
321 2507 522 2578 Hiempsalem,
532 2506 567 2561 de
576 2525 633 2579 quo
642 2525 666 2561 v.
679 2503 788 2561 Sallust.
799 2509 829 2563 B.
844 2509 908 2581 Jng.
921 2527 945 2562 c.
960 2509 1007 2584 17)
1092 2505 1197 2573 Libris,
1216 2505 1321 2578 quibus
1338 2502 1507 2577 Ὁμοιότητες
1522 2507 1620 2560 titulus
1638 2517 1712 2574 erat,
1728 2508 1830 2561 simili-

231 2593 400 2668 adhibuisse,
413 2611 499 2665 quum
512 2610 564 2666 per
577 2610 605 2648 se
616 2591 766 2665 probabile
777 2604 827 2662 est,
837 2605 895 2648 tum
907 2595 1008 2652 diserte
1053 2592 1178 2661 tudines,
1199 2612 1261 2666 quae
1275 2595 1348 2648 inter
1362 2593 1538 2648 diversorum
1551 2593 1725 2666 populorum
1743 2595 1829 2648 insti-

234 2675 1007 2756 testaturhmm.Marcellinuslfrm9).Praetereaipsum
1054 2689 1111 2734 tuta
1139 2698 1288 2753 moresque
1314 2680 1532 2747 intercesserint,
1556 2667 1759 2735 demonstrasse
1787 2682 1829 2734 vi-

195 2791 198 2802 ·
234 2783 329 2840 regem
339 2759 394 2820 su'ae
405 2765 520 2820 ditionis
531 2766 660 2838 regiones
671 2774 698 2820 et
707 2767 850 2838 proximas
861 2765 1009 2840 diligenter
1053 2765 1145 2824 detur.

233 2855 380 2908 excussisse
402 2871 436 2906 en
456 2852 616 2926 fragmentis
637 2852 787 2926 colligitur.
811 2851 899 2923 Hujus
922 2855 1008 2928 igitur
1093 2855 1124 2907 ln
1132 2854 1314 2928 grammatico
1331 2863 1496 2926 argumento
1506 2853 1669 2906 versabatur
1678 2871 1750 2926 opus
1761 2851 1829 2928 Περὶ

234 2940 326 3013 operis
334 2939 443 3010 jactura
453 2957 511 3012 prae
521 2940 619 2992 ceteris
632 2937 764 2993 dolenda.
1054 2941 1149 3015 φθορᾶς
1163 2935 1272 3008 λέξεως,
1287 2937 1344 2994 sire
1358 2941 1400 2994 De
1414 2941 1597 3012 corruptione
1611 2941 1761 3008 sermonis,
1778 2943 1831 2996 sei·

274 3029 316 3080 De
329 3027 437 3080 Arabia
452 3026 587 3096 terrisque
597 3024 789 3095 adjacentibus
797 3027 937 3081 volumina
946 3029 1010 3080 scri·
1054 3025 1119 3079 licet
1130 3026 1222 3098 graeci.
1239 3026 1483 3080 Commemoratur
1494 3025 1616 3098 denique
1630 3022 1703 3080 Juba
1715 3027 1832 3100 artigra-

233 3114 288 3186 psit
297 3113 333 3168 ad
344 3114 439 3169 Caium
454 3113 587 3168 Caesarem
595 3153 603 3180 ,
619 3113 735 3186 Augusti
749 3111 853 3182 lilium,
867 3115 916 3186 qui
930 3131 1010 3186 expe·
1054 3112 1126 3184 phus
1137 3110 1173 3166 de
1185 3112 1269 3167 rebus
1281 3113 1497 3184 nonnullisque
1514 3111 1551 3166 ad
1564 3114 1773 3186 grammaticam
1792 3115 1831 3169 la-

234 3198 369 3253 ditionem
382 3198 538 3252 Parthicam
552 3209 579 3251 et
593 3197 742 3252 Arabicam
755 3199 873 3254 moliens
883 3201 942 3272 (an.
958 3219 969 3253 1
983 3218 1009 3258 a.
1055 3199 1140 3252 tinam
1147 3200 1296 3270 pertinent.
1304 3201 1359 3270 Qui
1369 3217 1456 3270 quum
1463 3199 1830 3272 latinescripserit,allossio

234 3285 296 3360 C.)‚
311 3285 382 3339 sama
393 3287 453 3357 ejus
471 3294 552 3338 terrae
566 3283 683 3338 ardebat
698 3282 742 3357 (a.
759 3285 792 3339 fr.
808 3283 856 3342 51.
878 3292 925 3350 44.
942 3285 1007 3360 46).
1055 3292 1083 3336 et
1096 3283 1198 3338 Serino
1213 3283 1340 3340 diversus
1351 3302 1435 3338 essea
1451 3283 1555 3340 Nostro
1569 3283 1691 3340 videtur.
1706 3287 1833 3342 Fortasse

234 3371 360 3426 Eandem
384 3371 421 3425 ob
443 3387 552 3425 causam
576 3374 715 3442 Augustus
740 3370 777 3425 ad
797 3372 1011 3426 commentanda
1055 3379 1218 3424 erraverunt
1228 3371 1281 3424 viri
1297 3371 1459 3426 doctissimi.

235 3460 329 3512 omnia
342 3459 371 3511 in
387 3455 529 3514 Orientem
543 3458 714 3529 praemiserat
728 3459 894 3531 Dionysium
907 3459 1010 3514 Chara·
1095 3457 1236 3511 Hactenus
1249 3457 1285 3512 de
1304 3455 1467 3535 πολυμαθείᾳ
1485 3459 1618 3513 Varronis
1631 3457 1767 3516 Africani.
1788 3461 1834 3515 Fi·

235 3562 336 3614 cenum
354 3543 403 3613 (fr.
423 3540 488 3618 44).
502 3543 577 3598 Juba
598 3561 666 3597 num
680 3545 739 3616 ipse
752 3545 813 3600 illas
827 3547 955 3618 regiones
968 3545 1011 3601 lu·
1056 3541 1121 3598 dem
1142 3542 1200 3614 ejus
1224 3554 1253 3599 et
1275 3547 1470 3600 auctoritatem
1496 3543 1526 3600 in
1544 3546 1639 3600 multis
1658 3546 1834 3620 impugnavit

235 3631 377 3699 straverit,
392 3629 466 3684 haud
486 3631 590 3702 liquet,
606 3631 656 3684 etsi
669 3632 730 3684 veri
743 3649 802 3685 non
815 3631 940 3688 absimile
954 3650 1011 3688 esse
1056 3629 1194 3703 Didymus
1209 3631 1256 3686 ille
1270 3628 1455 3708 χαλκέντερος,
1471 3633 1484 3686 d
1498 3628 1583 3688 πολλὰ
1596 3629 1698 3708 γράψας
1712 3631 1771 3686 κατ’
1785 3633 1834 3688 αὖ·

235 3717 358 3773 ridetur.
375 3713 567 3772 confidentius
582 3716 752 3771 contendere
766 3717 832 3772 lice't
844 3735 907 3772 eum
919 3720 1009 3776 multo
1057 3719 1112 3771 τοῦ.
1127 3718 1229 3771 Parum
1240 3717 1296 3772 boc
1308 3735 1353 3774 me
1372 3730 1516 3789 moveret,
1534 3721 1587 3774 nisi
1604 3719 1749 3773 fatendum
1765 3733 1835 3775 esset

235 3801 328 3858 studio
354 3803 518 3876 congessisse
540 3821 713 3874 quaecamque
735 3805 843 3876 priores
864 3807 1013 3878 scriptores
1056 3803 1126 3857 nihil
1142 3822 1188 3860 me
1208 3805 1239 3858 in
1255 3805 1381 3876 reliquiis
1394 3804 1625 3880 deprehendisse,
1645 3804 1724 3877 quod
1742 3809 1835 3860 vir-arm

236 3889 348 3944 indeab
359 3888 510 3944 Alexandri
518 3898 597 3943 aetate
607 3887 741 3962 deplagis
750 3891 807 3944 istis
815 3889 1010 3962 prodiderant.
1057 3889 1835 3965 prodateummultipliciseruditioniseopiajungentem

237 3978 402 4050 Fragmenta
420 3976 470 4029 uni
487 3975 622 4030 debemus
635 3975 741 4044 Plinio,
760 3976 809 4048 qui
823 3975 875 4030 lib.
890 3977 946 4044 VI,
962 3995 1010 4046 27,
1058 3977 1140 4031 etiam
1151 3997 1268 4033 acumen
1274 3978 1376 4049 judieii
1390 3989 1417 4033 et
1428 3979 1619 4046 seueritatem
1630 3989 1730 4033 contra
1742 3979 1836 4033 nimia

238 4063 270 4116 31
290 4060 345 4137 (dr.
360 4067 394 4125 44
404 4061 413 4135 l
425 4063 454 4114 in
469 4060 658 4134 descriptione
674 4061 782 4116 Arabiae
793 4055 916 4116 secutum
929 4080 957 4117 se
969 4063 1013 4118 di·
1058 4074 1086 4116 et
1104 4065 1183 4119 anilis
1201 4065 1259 4120 lere
1280 4064 1451 4119 credulitatis
1476 4066 1593 4139 vestigia
1614 4074 1656 4120 sat
1677 4052 1855 4138 frequentia=

237 4151 274 4202 cit
291 4147 393 4202 Jubam
409 4165 504 4222 regem
517 4159 545 4201 et
559 4167 637 4202 arma
651 4150 788 4204 Romana.
805 4151 898 4220 Quare
910 4167 1012 4206 nonea
1059 4148 1263 4222 deprehendes.
1281 4153 1348 4221 Quae
1375 4169 1464 4224 quum
1485 4153 1524 4207 ita
1539 4171 1568 4207 se
1589 4151 1723 4220 habeant,
1742 4154 1836 4208 nescio

237 4247 362 4308 tantum,
378 4235 428 4288 ubi
449 4252 574 4306 expressa
593 4245 634 4288 est
655 4237 735 4290 lubae
755 4237 877 4304 mentio,
894 4235 943 4290 sed
961 4237 1013 4291 alia
1058 4253 1178 4306 quanam
1189 4255 1221 4292 re
1233 4239 1286 4291 nisi
1300 4239 1370 4312 regii
1384 4240 1506 4294 nominis
1518 4240 1657 4313 praestigio
1674 4239 1749 4294 lnba
1763 4239 1837 4293 inter

241 4325 324 4376 etiam
332 4323 454 4394 plurima
466 4339 501 4376 ex
509 4323 611 4376 Nostro
623 4319 732 4378 fluxisse
742 4323 867 4396 putanda
876 4335 950 4381 sunt.
963 4328 1013 4380 La·
1063 4325 1114 4378 aevi
1130 4325 1172 4378 sui
1183 4324 1370 4396 polyhistores
1379 4328 1536 4382 eminuerit.

237 4411 295 4464 tine
309 4427 380 4482 opus
398 4410 533 4481 scripturn
549 4408 629 4463 luisse
647 4409 812 4464 Dodwellus
826 4405 871 4485 (v.
896 4420 957 4468 not.
978 4411 1013 4466 ad

238 4497 272 4552 l'r.
290 4493 345 4568 39)
365 4497 519 4567 suspicatur
533 4505 683 4568 propterea
696 4497 833 4564 maxime,
851 4495 929 4568 quod
941 4499 970 4550 in
982 4499 1015 4552 iis
1033 4505 1038 4562 l

238 4601 300 4654 qua
314 4581 390 4654 apud
412 4581 532 4635 Plinium
553 4581 588 4635 de
603 4583 720 4654 paraplo
735 4583 854 4636 Nearchi
875 4593 902 4637 et
917 4585 1013 4638 Onesi·
1356 4603 1536 4630 -····-

238 4669 300 4722 criti
315 4686 347 4723 en
358 4667 431 4721 luha
445 4667 610 4736 alterantur,
627 4669 712 4741 spatia
728 4669 891 4724 Graecorum
897 4669 940 4724 ad
954 4672 1014 4725 llo—

238 4771 386 4808 manorum
408 4755 536 4809 milliaria
556 4755 610 4809 sint
629 4765 768 4812 revocata.
794 4755 878 4825 Quod
899 4755 1014 4828 quidem

240 4852 435 4912 argumentum
450 4852 526 4896 earet
547 4841 684 4915 pondere.
707 4845 777 4897 Nam
800 4860 887 4914 quum
911 4843 1016 4897 Plinius

241 4939 378 4982 terrarum
393 4945 534 4982 mensuras
548 4929 733 5001 locorumque
747 4928 889 4984 distantias
904 4947 919 4983 e
939 4929 1014 4984 Grae-

96 5029 99 5036 ·
215 5013 216 5016 ’
242 5017 280 5068 cis
295 5015 476 5087 scriptoribus
492 5015 671 5088 depromptas
682 5015 788 5088 ubique
802 5015 857 5070 sere
873 5016 909 5070 ad
922 5033 1015 5088 passus
