3972 5728
765 331 1151 504 prunnon.

820 623 1102 660 -φ-ι

203 793 316 852 Grande
332 795 465 850 Memnon
479 813 550 870 opus
564 795 694 852 derebus
707 790 933 850 HeracleaePon·
980 792 1055 848 mani
1069 803 1166 850 eontra
1176 797 1346 852 Antiochum
1357 798 1386 852 in
1400 801 1492 856 Asiam
1504 799 1672 871 trajecerunt
1686 847 1694 875 ,
1706 808 1750 862 lti-

164 885 239 952 ticae,
252 900 308 954 qua
322 883 351 936 in
365 882 436 938 urhe
449 883 493 938 vel
505 893 585 938 natus
599 880 633 958 (⁴¹)
646 883 691 937 rel
702 890 824 936 versatus
831 879 935 936 diutius
979 879 1093 934 storiam
1107 898 1205 936 eorum
1215 881 1282 938 inde
1293 901 1309 938 a
1320 884 1416 957 primis
1423 887 1600 943 incunabulis
1611 908 1700 964 usque
1712 893 1749 948 ad

162 985 218 1024 esse
227 965 349 1036 videtur,
359 957 515 1042 posteritati
525 967 837 1024 mandaredecreverat.
854 968 891 1022 At
899 982 935 1020 ne
979 967 1123 1038 praesentia
1144 979 1270 1042 tempora
1288 971 1352 1026 satis
1372 973 1466 1044 amplo
1489 991 1606 1030 excursu
1619 981 1747 1050 exponit.

162 1053 331 1108 levissimum
345 1053 460 1128 quidem
470 1065 623 1128 superesset
634 1053 694 1125 ejus
708 1054 871 1128 vestigium,
882 1053 934 1108 nisi
979 1051 1065 1124 Quod
1079 1071 1167 1126 quum
1179 1074 1195 1110 a
1208 1058 1357 1129 proposito
1373 1059 1493 1114 alienum
1505 1062 1554 1130 sit,
1574 1065 1668 1119 nescio
1691 1083 1749 1138 quo

162 1139 250 1195 fausta
263 1139 376 1196 fortuna
389 1140 418 1192 in
431 1157 529 1194 mantas
539 1139 679 1194 incidisset
691 1139 797 1209 Photii,
809 1140 858 1212 qui
867 1150 932 1194 octe
977 1137 1040 1209 jure
1051 1139 1166 1195 Photius
1177 1140 1280 1196 dixerit
1288 1144 1466 1199 Memnonem
1475 1144 1657 1220 digressiones
1666 1149 1751 1206 histo·

163 1225 304 1281 librorum
322 1223 483 1300 (tx-xvt)
514 1227 578 1280 satis
597 1225 688 1299 ampla
713 1226 794 1282 nobis
817 1225 933 1298 reliquit
979 1225 1026 1278 riis
1038 1226 1094 1280 suis
1103 1245 1161 1280 non
1173 1228 1378 1284 intexuissenisi
1392 1230 1442 1284 ubi
1457 1233 1614 1290 necessitate
1627 1235 1750 1307 ‹pradam

162 1321 304 1385 excerpta.
320 1311 400 1368 Certe
423 1312 510 1368 alium
528 1313 695 1384 scriptorem
709 1314 758 1386 qui
777 1313 933 1368 Memnonis
978 1311 1013 1364 sit
1024 1321 1136 1367 coactus
1151 1311 1194 1386 (c.
1212 1309 1277 1388 60).
1380 1307 1384 1314 “

161 1397 327 1454 memoriam
336 1398 498 1454 excitaverit
516 1400 585 1454 novi
601 1399 752 1460 neminem.
770 1400 833 1452 lam
845 1417 933 1471 quum
1017 1397 1119 1452 Similis
1138 1400 1210 1454 ratio
1230 1411 1272 1454 est
1285 1400 1351 1456 libri
1376 1401 1478 1457 decimi
1502 1405 1595 1477 quinti
1616 1405 1653 1460 ad
1678 1407 1751 1464 istud

162 1481 319 1552 Heroderi,
342 1482 525 1556 Nymphidis,
549 1484 748 1554 Promethides,
768 1485 931 1553 callistrati,
978 1500 1066 1556 usque
1080 1494 1189 1557 tempus
1204 1486 1385 1558 pertinentis,
1396 1506 1453 1560 quo
1467 1489 1548 1545 Cotta
1572 1489 1609 1544 ad
1627 1491 1751 1547 obsidio-

162 1569 212 1640 qui
225 1569 292 1624 item
302 1567 338 1624 de
352 1568 487 1624 Heracleae
504 1571 548 1625 vel
562 1569 664 1626 fabulis
680 1573 725 1627 vel
733 1571 854 1626 historiis
864 1573 931 1627 scri·
977 1587 1042 1626 nem
1055 1569 1196 1626 Heracleae
1208 1570 1351 1644 proiectus
1367 1582 1417 1628 est.
1427 1575 1549 1646 Exponit
1557 1585 1657 1632 auctor
1676 1596 1750 1650 quo-

159 1665 289 1728 pserant,
301 1655 401 1712 crebra
411 1655 488 1729 apud
500 1657 659 1714 scholiastes
670 1659 815 1732 Apollonii
828 1658 932 1714 Rhodii
976 1655 1064 1712 modo
1085 1656 1190 1712 factum
1212 1658 1248 1712 sit
1271 1668 1302 1712 ut
1322 1660 1528 1728 Heraclienses,
1554 1663 1750 1719 Romanorum

160 1743 267 1796 mentio
279 1739 548 1811 fiat‚deMnnone
562 1761 629 1799 vero
642 1745 933 1815 sitsilentium,iacilis
976 1743 1059 1797 amici
1079 1742 1194 1815 quidem
1207 1761 1298 1816 neque
1318 1753 1409 1802 umen
1424 1764 1488 1802 cum
1508 1749 1641 1804 Romanis
1660 1768 1752 1824 neque

161 1827 322 1900 conjectura
333 1839 374 1884 est
382 1831 560 1886 Memnonem
569 1840 648 1886 aetate
657 1831 840 1903 posteriorem
851 1831 932 1887 fuisse
976 1845 1040 1883 cnm
1049 1828 1210 1884 Mithridate
1218 1847 1294 1884 aram
1299 1829 1455 1904 jungentes,
1465 1851 1532 1887 mox
1543 1834 1672 1890 Archelai
1683 1835 1751 1892 dolo

160 1912 284 1986 Didymo
298 1914 413 1987 aliisque
426 1913 485 1985 ejus
495 1916 587 1972 saecmi
601 1916 774 1972 scholiorum
784 1918 931 1990 scriptori·
975 1914 1102 1970 nolentes
1114 1915 1144 1968 in
1163 1926 1256 1988 partes
1267 1917 1435 1972 Mithridatis
1449 1915 1635 1988 traherentur,
1649 1920 1752 1979 deinde

160 1999 222 2054 bus.
231 1999 334 2055 Eadem
343 1999 429 2056 docet
438 2001 562 2062 Photius.
574 2003 601 2058 ls
609 2003 683 2058 enim
692 2012 841 2077 postquam
850 2003 931 2060 dixe-
975 2001 1106 2058 Lamachi
1116 2001 1278 2074 proditione
1289 2003 1357 2063 urbs
1374 2004 1404 2058 in
1420 2022 1518 2060 manus
1529 2005 1696 2062 Mithridatis
1706 2029 1751 2066 re-

160 2085 317 2142 ratlibrum
326 2087 515 2144 Historiarum
524 2087 665 2144 decimum
673 2102 781 2146 sextum
790 2092 931 2164 pertinere
975 2087 1064 2157 niret,
1079 2097 1162 2160 atque
1173 2088 1211 2144 sic
1222 2089 1317 2144 hostili
1329 2092 1524 2146 Romanorum
1544 2094 1667 2148 exercitu
1677 2106 1751 2168 peto·

160 2172 302 2245 usquead
326 2183 449 2230 mortem
461 2176 615 2250 Britagorae
627 2175 668 2254 (c,
694 2175 731 2242 46
753 2195 779 2232 a.
795 2176 857 2251 0,),
882 2178 931 2250 qui
976 2183 1064 2228 retur.
1079 2175 1146 2228 Haec
1159 2172 1278 2230 Photius
1291 2186 1387 2230 narrat
1400 2194 1461 2250 cap.
1485 2175 1533 2245 33,
1558 2177 1612 2246 36,
1632 2179 1680 2248 38,
1700 2188 1750 2256 to,

159 2259 280 2332 patriam
292 2259 456 2316 allemanie
479 2261 602 2318 dirutam
620 2265 799 2336 restauravit,
821 2263 901 2320 addit
921 2281 930 2322 ς
977 2258 1025 2324 43.
1040 2259 1159 2332 Reliqua
1171 2259 1210 2315 ad
1223 2262 1442 2316 Heracliensium
1457 2281 1500 2318 res
1518 2264 1588 2317 nihil
1608 2266 1751 2323 attinentia

159 2341 216 2409 Τὰς
227 2341 254 2400 M
265 2341 370 2422 πρώτας
377 2343 402 2416 η’
414 2345 594 2424 inspiratori
605 2345 662 2414 τὰς
673 2345 756 2422 μετὰ
768 2345 825 2418 τὴν
837 2345 931 2420 ἕκτην
975 2345 1006 2398 in
1015 2347 1174 2402 narratione
1184 2356 1331 2402 versantur
1344 2347 1380 2403 de
1389 2348 1464 2405 bello
1480 2349 1688 2422 Mithridatico,
1700 2354 1750 2410 ad·
1815 2409 1819 2418 ,

161 2427 219 2488 καὶ
232 2428 376 2502 δεκάτην
390 2430 463 2490 οὔπω
482 2433 562 2490 εἰπεῖν
577 2435 612 2500 tt<
625 2433 685 2492 θέαν
700 2435 774 2509 ἡμῶν
791 2435 932 2514 ἀφιγμένα(
972 2431 1071 2503 juncto
1086 2433 1122 2488 de
1134 2433 1232 2490 Nicen
1244 2433 1401 2509 originibus
1415 2435 1553 2508 episodio.

160 2515 267 2594 ἔχομαν.
283 2549 322 2562 -
336 2520 442 2576 Vixerit
459 2522 573 2576 Memno
585 2522 678 2596 primo
695 2523 740 2578 v'el
755 2523 869 2580 ineunte
885 2541 930 2580 se-
1016 2518 1121 2577 Contra
1141 2529 1337 2594 argumentum
1356 2521 1423 2576 libri
1443 2522 1546 2578 decimi
1564 2525 1635 2578 sexti
1661 2534 1752 2582 totum

161 2603 255 2660 cundo
268 2615 333 2679 pest
345 2607 484 2664 Christum
493 2609 597 2666 seculo.
975 2606 1099 2680 pertinet
1106 2604 1193 2662 adres
1203 2608 1345 2664 Heracleae
1358 2608 1464 2680 patriae,
1473 2608 1552 2680 cujus
1564 2610 1751 2681 obsidionem,

200 2692 312 2747 Priores
324 2692 390 2748 libri
403 2704 469 2750 octo
488 2695 628 2750 Heracleae
642 2694 785 2750 historiam
799 2695 932 2752 exhibent
977 2692 1206 2764 occupationem,
1218 2693 1424 2768 direptionem,
1439 2696 1627 2766 eversionem,
1645 2709 1752 2756 rmtau·

161 2795 250 2852 usque
264 2779 301 2836 ad
312 2781 488 2854 tyrannidem
502 2781 629 2837 clearchi
644 2781 715 2856 (364
738 2801 763 2839 a.
775 2784 807 2840 C.
818 2781 839 2860 ).
853 2784 932 2855 Quo.
976 2779 1114 2834 rationem
1127 2778 1271 2834 uberrime
1280 2781 1415 2834 Memnon
1425 2783 1563 2853 exposuit.
1575 2783 1659 2838 Plora
1676 2785 1751 2840 Pho-

160 2865 249 2920 modo
269 2877 335 2940 post
356 2884 444 2921 annos
462 2869 605 2942 octoginta
626 2879 760 2942 quattuor
774 2887 885 2926 eremus
897 2873 933 2926 sit
983 2864 1036 2920 tius
1055 2866 1084 2918 in
1100 2883 1151 2920 suo
1165 2866 1308 2920 volumine
1331 2884 1391 2920 non
1412 2868 1546 2939 repperit.
1561 2868 1672 2924 Scilicet
1694 2871 1752 2926 baec

161 2961 345 3025 tyrannorum
354 2953 522 3025 dominabis,
531 2965 629 3012 auctor
638 2956 848 3031 exposuitlibro
859 2957 932 3012 duo-
977 2953 1098 3007 maxime
1107 2953 1228 3006 historiae
1241 2953 1424 3008 Heracliensis
1433 2971 1498 3028 pare
1522 2953 1598 3010 lectu
1610 2954 1695 3030 digna
1708 2975 1752 3012 se-

162 3037 283 3096 decimo.
297 3040 427 3096 Totidem
452 3041 508 3098 lere
521 3041 601 3098 libris
623 3041 699 3098 idem
714 3043 847 3116 temporis
869 3062 932 3118 spa-
977 3039 1100 3092 rioribus
1116 3039 1174 3092 visa
1186 3037 1280 3092 fuerit.

163 3125 233 3179 tium
246 3136 412 3182 tractaverat
426 3128 575 3201 Nymphis,
589 3147 673 3202 quem
686 3147 744 3202 prae
760 3130 859 3184 ceteris
878 3129 933 3184 du·
1016 3123 1099 3180 Fides
1112 3124 1298 3178 Historiarum
1320 3125 1478 3179 Memnonis
1492 3126 1522 3179 in
1538 3125 1698 3180 universum
1711 3139 1751 3183 ast

162 3229 224 3267 cem
231 3213 365 3268 Memnon
373 3213 425 3270 sibi
431 3215 585 3288 sumpserit.
592 3216 764 3270 Mentionem
773 3214 832 3286 ejus
844 3214 932 3286 injicit
979 3211 1096 3283 optima.
1105 3209 1163 3266 Ubi
1173 3227 1237 3264 curn
1250 3209 1310 3266 aliis
1323 3210 1404 3265 bonas
1417 3221 1492 3266 notae
1506 3212 1694 3285 scriptoribus
1708 3231 1753 3270 eas

161 3315 264 3371 capra
276 3310 305 3354 et
317 3305 368 3369 243
381 3311 465 3373 atque
478 3318 536 3355 uno
549 3301 599 3355 illo
613 3302 691 3370 loco,
705 3301 755 3356 ubi
768 3299 933 3374 Nymphidis
978 3295 1106 3350 conferre
1121 3295 1242 3364 licet‚ut
1258 3295 1289 3350 in
1308 3295 1505 3352 lilithcidaticis
1526 3299 1591 3352 cum
1608 3299 1750 3371 Appiano,

162 3381 213 3456 (ir.
229 3383 279 3458 17)
292 3395 320 3441 et
337 3387 494 3442 Memnonis
505 3387 540 3442 de
553 3387 689 3460 Dionysio
701 3397 820 3460 tyranno
832 3404 932 3442 narra-
978 3381 1137 3450 Plutarcho,
1146 3382 1238 3438 Dione
1249 3382 1351 3454 Cassio,
1363 3383 1541 3456 inplerisqne
1555 3386 1749 3454 consentiunt;

160 3472 267 3526 tionem
275 3472 403 3529 conferre
412 3475 489 3544 licet,
505 3475 609 3548 optime
619 3476 692 3530 inter
704 3475 929 3532 seconsentiunt.
977 3463 1208 3536 ubidissentiunt‚
1215 3469 1371 3524 Memnonis
1377 3469 1566 3524 testimonium
1576 3469 1752 3542 saepepraeie·

200 3557 292 3612 Libris
302 3559 374 3614 Xlll
388 3561 496 3616 etXlV
515 3561 639 3616 narratio
659 3577 748 3632 usque
768 3560 805 3616 ad
826 3561 931 3615 victum
978 3553 1095 3609 rendum
1109 3552 1151 3628 (v.
1162 3573 1186 3610 c.
1198 3553 1245 3624 57,
1261 3553 1349 3624 1;31,
1364 3551 1415 3628 α),
1429 3565 1527 3610 contra
1537 3555 1649 3610 laborat
1662 3557 1751 3610 Mern-

161 3660 178 3698 a
210 3643 344 3700 Romanis
370 3645 543 3720 Antigonum
574 3645 740 3721 (otto-188)
770 3645 930 3702 deducitur.
975 3641 1653 3716 nonrerumgeograpbicarumignorantia3rid.
1669 3661 1750 3716 c.19,

160 3729 244 3784 Varia
255 3730 285 3784 in
295 3729 339 3785 his
355 3741 383 3786 et
402 3732 582 3786 multiionnis
596 3733 711 3788 historia
731 3743 782 3788 cst.
797 3734 868 3788 Nam
880 3750 931 3788 suo
977 3733 1006 3792 lt·
1021 3732 1069 3796 lit,
1087 3745 1099 3781 1
1115 3737 1144 3782 et
1155 3745 1213 3801 prae
1224 3729 1321 3783 ceteris
1332 3747 1356 3784 c.
1366 3735 1417 3802 49,
1427 3728 1607 3796 ubiMarsos,
1623 3729 1753 3800 Pelignos

160 3816 224 3870 nim
241 3817 428 3872 Heraclienses
440 3817 511 3874 nibil
526 3829 586 3874 tum
598 3819 677 3892 quod
689 3819 804 3892 quidem
817 3818 931 3890 majoris
976 3823 1004 3868 et
1011 3813 1170 3869 Maracinos
1193 3831 1277 3894 napea
1290 3815 1408 3888 Libyam
1428 3815 1458 3868 in
1483 3813 1605 3870 Gadium
1622 3813 1752 3869 confiniis

161 3903 297 3958 momenti
305 3904 352 3977 sit,
364 3905 605 3978 peregerunt3sed
613 3906 700 3962 modo
707 3907 857 3962 Ptolemaeo
872 3905 931 3964 Ge-
975 3900 1110 3956 habitasse
1124 3901 1209 3969 dicit3
1225 3919 1257 3956 ac
1273 3903 1388 3956 omnino
1403 3899 1440 3956 de
1454 3901 1650 3954 Romanorum
1662 3900 1751 3954 histo-

161 4005 251 4044 raano
261 3999 359 4045 contra
372 3991 562 4064 Antigonum,
575 3992 663 4047 modo
674 3993 820 4050 Nicomedi
834 4002 932 4049 contra
975 3987 1018 4042 ria
1030 3988 1161 4060 pessimos
1170 3998 1298 4044 auctores
1310 3987 1452 4044 craecutos
1464 3995 1575 4041 secutus
1591 4001 1651 4040 esse
1671 3985 1751 4040 vide·

161 4075 290 4148 Zipoeten
304 4086 333 4131 et
346 4077 514 4132 Antiochum
530 4079 708 4150 auxiliantur,
720 4078 808 4134 modo
825 4081 933 4152 Byzan·
977 4082 1032 4139 tur,
1043 4083 1075 4126 ut
1088 4090 1121 4127 ex
1133 4074 1165 4127 iis
1179 4091 1293 4145 qnoque
1307 4089 1369 4144 que
1381 4071 1417 4128 de
1430 4073 1559 4126 Romana
1573 4070 1610 4126 ad
1630 4071 1751 4126 Alexan-

139 4162 217 4216 .ttos
239 4173 337 4218 contm
360 4163 454 4219 Gallos
474 4163 589 4240 juvant,
610 4165 698 4220 modo
718 4166 779 4220 lites
804 4167 932 4222 colonia·
977 4157 1060 4214 dmm
1083 4159 1222 4232 legflliOne
1246 4172 1405 4228 narrantur,
1426 4158 1560 4231 smpical'i
1584 4157 1650 4212 Ῑῑθθῑ
1671 4153 1746 4232 (aid.

162 4265 226 4302 nrm
241 4257 269 4302 et
282 4250 485 4306 controversias
496 4249 618 4306 liliorum
634 4251 795 4307 Nicomedis
813 4271 932 4325 compo·
977 4262 1003 4302 c·
1021 4263 1067 4317 29,
1079 4243 1107 4314 3,
1119 4245 1155 4303 c¹·
1173 4263 1219 4317 292
1237 4243 1283 4318 2)·

161 4343 244 4392 nunt.
259 4335 324 4390 Haec
337 4335 422 4410 igitur
443 4353 502 4390 non
523 4346 579 4392 tam
595 4338 735 4393 Heracleae
756 4339 873 4394 historia
896 4349 934 4394 est
1016 4332 1059 4386 Dc
1075 4331 1202 4386 oratione
1216 4341 1366 4404 ceteraque
1386 4331 1565 4386 historiarum
1589 4326 1685 4383 indole
1713 4329 1751 4398 ita

162 4436 248 4491 quam
275 4421 355 4494 regni
378 4418 574 4492 Macedonici,
594 4423 751 4498 Bithynici,
777 4425 931 4481 Gallorum.
977 4415 1137 4490 Photius(c.
1149 4413 1242 4490 60,5)
1255 4409 1351 4472 t'Ectt
1365 4407 1751 4491 δὲῆσυῖἵραφῆνουνῑχῆςβέν

162 4510 290 4580 Augetur
304 4507 363 4561 haec
383 4509 551 4564 narrationis
568 4511 686 4566 varietas
700 4511 808 4566 insertis
824 4511 933 4586 digres-
977 4501 1023 4558 καὶ
1036 4499 1080 4558 τὸν
1089 4500 1178 4578 ἰσχνὸν
1193 4499 1389 4576 μεταδιώκουσα
1400 4503 1572 4578 χαρακτῆρα,
1586 4497 1614 4554 οὗ
1629 4500 1681 4572 μὴν
1690 4495 1750 4554 otti

162 4591 302 4662 sionibus,
328 4593 431 4666 quibus
455 4594 493 4650 ad
513 4598 659 4670 superiora
684 4606 812 4671 tempora
836 4609 935 4654 auctor
978 4592 1023 4645 τοῦ
1034 4592 1131 4668 σαφοῦς
1141 4589 1307 4664 dyabolica„-
1323 4587 1368 4646 mi
1381 4586 1467 4654 λέξεσι
1481 4584 1523 4656 δὲ,
1535 4586 1558 4642 ῑῖ
1570 4581 1668 4658 μήπου
1681 4603 1750 4638 ⁰¹³⁸·

162 4677 298 4734 ascendit.
310 4680 355 4736 Sic
367 4698 427 4753 cap.
438 4699 580 4756 aoregum
589 4684 723 4757 Bithyniae
732 4686 831 4740 seriem
840 4703 935 4758 perse·
978 4673 1037 4741 vict<
1060 4671 1290 4750 ἕξᾶλλαττοῦσακ,
1312 4675 1368 4741 ταῖς
1389 4674 1508 4744 Wiiffl
1537 4678 1643 4750 χρᾶται·
1665 4669 1750 4741 0¹¹⁰d

163 4765 271 4836 quitur-3
284 4765 397 4835 deinde,
412 4768 462 4823 ubi
476 4769 513 4826 ad
526 4787 629 4826 annum
640 4771 767 4840 devenit,
790 4789 848 4844 quo
877 4771 934 4830 Ro.
980 4763 1016 4818 de
1030 4763 1185 4818 verborum
1204 4783 1257 4818 usu
1274 4764 1390 4818 Photius
1409 4763 1448 4817 ait
1471 4760 1552 4836 (narn
1565 4758 1601 4813 de
1614 4757 1670 4812 hoc
1689 4757 1750 4810 solo

574 4843 580 4858 ⁸
980 4850 1156 4922 aliquatenus
1174 4849 1302 4922 judicare
1315 4846 1502 4922 nobislicet),
1518 4845 1583 4918 ipsis
1602 4839 1750 4898 confirma-

196 4955 228 5014 p)
241 4955 372 5016 eyn-ww
385 4960 644 5022 Μέμνωνγραμματεὺς
658 4962 743 5024 βωλᾶς
753 4965 793 5012 up
801 4963 875 5026 δάμω
887 4979 936 5014 me,
981 4947 1026 4989 tur
1035 4935 1177 5008 exemplis.
1197 4959 1210 4984 a
1227 4934 1516 5000 llocusetlocotioncs,
1530 4931 1648 4987 Orellius
1658 4927 1750 5006 (Mem-

164 5028 274 5076 uteratur
286 5027 308 5075 in
319 5027 387 5076 inser.
401 5030 457 5089 cyr.
476 5041 512 5092 ap.
529 5032 623 5080 fimetis.
633 5035 661 5082 c,
679 5035 701 5081 J.
717 5035 743 5082 tt.
757 5047 780 5084 n,
791 5039 858 5084 3794,
980 5041 1047 5082 non.
1061 5023 1238 5077 Histonlixc.
1248 5024 1323 5096 Lips.
1337 5021 1419 5091 1816,
1429 5039 1459 5094 p.
1470 5019 1614 5094 V)inquit,
1623 5016 1750 5090 plurimae

939 5130 977 5166 ers
