3974 5732
232 297 286 346 ttio
864 277 1025 337 ZENONlS
1039 277 1170 338 heroon

265 415 316 472 XV
322 415 359 472 ll.
385 411 454 490 Πρδς
471 408 497 468 dl
511 408 609 476 τούτοις
626 408 702 488 φησὶ,
715 407 762 478 τὴν
778 407 900 466 ἐπάνοδον
913 409 943 466 ἐκ
955 411 1000 478 τῆς
1048 404 1117 484 Ἐγὼ
1132 405 1158 464 δὲ
1172 403 1239 484 φημί
1253 405 1311 480 μὲν,
1325 407 1377 464 δεῖν
1396 406 1517 486 πρόνοιαν
1534 411 1661 464 ποιεῖσθαι
1674 407 1719 464 καὶ
1738 430 1819 465 σπου-

227 499 371 570 lironem<
385 499 542 568 πεποιῆσθαι
556 495 599 554 τδν
614 496 699 558 Nolam
712 493 780 553 κατά
794 493 842 565 τὴν
856 495 940 566 πύλην
955 495 1000 566 τὴν
1049 495 1133 564 δάζειν
1144 493 1259 572 δπδρτού
1269 493 1374 560 δεόντως
1385 492 1547 570 ἐξαγγέλλειν
1557 491 1603 559 τάς
1612 493 1731 572 πράξεις·
1742 497 1819 565 δῆλον

224 585 350 664 φέρουσαν
359 585 401 640 ἐπὶ
413 584 524 659 Τέγεανι
536 585 622 642 Τοῦτο
631 580 653 638 δ’
663 581 731 640 ἐστιν
743 581 847 658 ἄλογον.
860 581 1000 660 Πρόκειται
1046 579 1111 660 γδιρ,
1125 583 1160 646 ὡς
1172 583 1200 638 σύ
1214 578 1308 658 μικρά,
1319 580 1422 658 μεγάλοι
1437 580 1464 638 δδ
1479 578 1659 654 συμύάλλεται
1673 586 1749 640 τοῦτο
1757 583 1820 660 πρὸς

224 669 275 750 γάρ
286 673 332 738 τῆς
345 667 444 744 Τεγέας
458 673 474 738 ἡ
489 667 600 744 Μεγάλη
614 666 695 733 Πόλις
708 669 742 734 ὡς
755 665 819 747 πρὸς
831 668 878 737 τὴν
892 667 1000 738 lireot-
1046 665 1092 737 τλν
1108 665 1237 745 ίστοριάν1
1255 668 1284 724 ού
1303 665 1355 742 μὴν
1373 665 1596 742 ἡγεμονικώτατόν
1612 689 1641 741 γε
1660 667 1705 726 καί
1718 671 1820 746 πρῶτον

227 780 283 832 νην,
299 753 361 813 ὥστ’
375 755 500 814 ἀδύνατον
513 743 592 825 εἶναι,
611 753 748 812 καλεῖσθαί
761 777 818 812 τινα
830 751 915 824 πύλην
928 753 1000 834 παρδ
1046 752 1108 812 αιἰτδ
1126 751 1198 830 παρά
1212 759 1267 818 τοῖς
1284 753 1396 831 μετρίοις
1413 753 1520 831 άνδράσι
1532 753 1658 811 τίθεσθαι.
1674 755 1778 832 Πολλοῦ
1791 778 1820 830 γε

224 851 276 910 τοῖς
297 841 452 913 Μεσσηνίοις
473 839 517 898 ἐπί
540 839 653 918 Τέγεαν.
669 839 738 900 Ἀλλ’
758 838 815 900 ἐστι
834 841 896 920 παρ’
915 842 1001 907 αιίτοῑς
1046 839 1096 896 δεῖ·
1116 837 1184 896 ἄλλα
1201 835 1251 916 γδρ
1273 837 1304 896 δν
1322 836 1363 908 εἴη
1378 837 1478 896 καλλίω
1492 837 1558 917 μέρη
1577 843 1623 910 τῆς
1635 839 1767 919 ἱστορίας,
1782 841 1821 920 ἐφ’

223 927 294 998 πύλη
312 931 436 1005 Τεγεᾶτις
447 927 705 1038 προσαγορευομένη,
716 929 775 986 καθ’
787 927 818 999 ἣν
834 926 939 999 ἐποίησε
953 926 1000 996 τὴν
1045 915 1082 990 οἷς
1093 925 1123 982 δν
1134 926 1232 1000 μᾶλλον
1244 923 1393 998 σεμνυνθείη
1403 924 1533 992 πολιτικός
1544 925 1620 1003 άνήρ.

224 1013 347 1072 ἐπάνοδον
355 1012 485 1093 Nemcen
496 1012 749 1090 πλανηθείς,έγγιον
763 1012 877 1072 ύπέλαύε
885 1013 935 1085 ,τὴν
949 1013 999 1074 Τι’·
1086 1013 1189 1072 livill.
1209 1009 1252 1072 Ὃ
1266 1009 1293 1068 δέ
1308 1010 1391 1087 λέγειν
1418 1008 1561 1090 βούλομαι,
1584 1011 1677 1088 γίνοιτ’
1701 1011 1733 1071 δν
1749 1011 1818 1071 σύτω

224 1125 285 1178 γεαν
300 1091 365 1159 ε’ίναι
378 1098 543 1170 Μεσσηνίων.
556 1099 594 1158 Τὸ
611 1101 633 1158 δΙ
646 1098 715 1158 ἔστιν
733 1101 761 1158 ού
773 1105 896 1173 τοιοῦτον,
909 1101 968 1158 ἀλλ’
982 1105 999 1172 ἡ
1046 1095 1160 1172 μάλιστα
1175 1095 1330 1176 καταφανές,
1346 1095 1531 1174 Ἐξηγούμενος
1542 1096 1593 1177 γὰρ
1606 1102 1620 1156 δ
1633 1100 1821 1178 προειρημένος

224 1185 366 1258 Λακωνικά,
376 1185 447 1256 καὶὴ
460 1186 670 1264 Μεγαλοπολῖτις
677 1184 751 1266 χώρα
757 1185 853 1263 μεταξύ
863 1187 946 1244 κεῖται
956 1191 1001 1258 τῆς
1045 1181 1205 1262 συγγραφεύς
1221 1183 1269 1254 τήν
1283 1206 1312 1241 τε
1326 1184 1412 1254 Γάζης
1427 1184 1579 1263 πολιορκίαν
1598 1185 1643 1242 καί
1654 1184 1702 1255 vlo
1714 1186 1822 1262 γενομέ-

226 1271 379 1343 Μεσσηνίας
397 1270 442 1330 καὶ
462 1271 626 1350 Τεγεάτιδος.
648 1271 688 1332 Τό
710 1271 738 1330 δέ
756 1276 916 1332 τελευταῖον·
937 1273 1000 1351 φησὶ
1045 1293 1090 1342 νην
1104 1267 1247 1348 παράταξιν
1259 1267 1391 1347 Ἀντιόχου
1403 1268 1467 1348 πρὸς
1479 1269 1623 1329 Σκόπανέν
1639 1274 1723 1350 Κοίλῃ
1736 1273 1820 1352 Συρία

223 1358 274 1437 γὰρ
286 1359 329 1416 τδν
347 1357 473 1437 Ἀλφειὸν,
485 1361 514 1417 ἐκ
530 1361 575 1425 τῆς
585 1363 670 1434 πηγῆς
685 1358 777 1424 εύθέιος
788 1358 941 1439 κρυφθέντα,
956 1360 1001 1418 καὶ
1045 1355 1104 1434 περὶ
1118 1356 1147 1415 τὸ
1165 1355 1272 1428 Πάνιον,
1286 1355 1345 1435 περὶ
1363 1355 1410 1431 μὲν
1426 1355 1472 1426 τὴν
1489 1361 1536 1428 τῆς
1552 1357 1643 1424 λέξεως
1654 1360 1821 1430 κατασκευὴν

224 1445 304 1502 πολύν
320 1445 456 1525 ἐνεχθέντα
482 1445 559 1504 τόπον
580 1445 631 1504 ύπδ
644 1449 704 1523 γῆς,
723 1446 858 1508 ἐκύάλλειν
872 1447 932 1528 περί
946 1454 1000 1508 Λυ·
1046 1441 1120 1514 δῆλός
1138 1444 1206 1502 ἔστιν
1228 1443 1271 1502 ἐπί
1286 1449 1406 1500 τοσοῦτον
1421 1443 1604 1520 ἐσπουδακὼς,
1625 1447 1660 1511 ὥς
1676 1444 1822 1524 ὓπδρίίολὴγ

227 1533 289 1590 κύαν
308 1538 354 1604 τῆς
373 1532 517 1613 Ἀρκαδίας.
537 1531 572 1592 Ὁ
588 1531 614 1592 δὲ
627 1533 757 1610 ποταμδς,
777 1537 806 1593 ού
823 1533 903 1596 πολὺν
923 1536 1000 1594 τόπον
1045 1529 1177 1608 τερατείας
1189 1528 1226 1604 μὴ
1240 1531 1393 1586 καταλιπεῖν
1401 1537 1454 1596 τοῖς
1463 1529 1510 1596 τάς
1519 1531 1691 1597 ἐπιδεικτικὰς
1700 1531 1745 1590 καί
1756 1533 1821 1612 πρὸς

228 1617 353 1700 ἀποσχὼν
373 1624 418 1692 τῆς
431 1623 529 1696 πηγῆς,
550 1618 594 1678 καί
615 1622 732 1702 κρυφθείς
748 1620 792 1680 ἐπὶ
811 1621 874 1682 δέκα
893 1623 1000 1694 στάδια,
1045 1614 1166 1688 ἔκπληξιν
1184 1619 1235 1674 τῶν
1257 1617 1360 1674 πολλῶν
1381 1615 1511 1684 συντάξεις
1528 1616 1704 1696 ποιουμένοις·
1723 1621 1774 1676 τῶν
1790 1643 1821 1696 γε

224 1707 302 1764 πάλιν
313 1705 446 1764 ἐκπίπτει·
456 1705 502 1764 καὶ
511 1705 541 1764 τὸ
553 1705 641 1764 λοιπὸν
649 1707 787 1786 φερόμενος
798 1705 839 1766 aa
851 1713 896 1779 τῆς
908 1711 1001 1786 Μεγα-
1046 1702 1098 1780 μὴν
1109 1702 1271 1781 πραγμάτων
1283 1702 1326 1760 ἐπὶ
1339 1707 1459 1762 τοσοῦτὸν
1473 1702 1649 1784 ὠλιγώρηκιν,
1660 1703 1727 1762 ὥστε
1741 1704 1821 1762 πάλιν

222 1793 398 1868 λοπολίτιδσς,
418 1791 463 1860 ιδις
476 1791 523 1867 μὲν
537 1791 621 1874 άρχίις
639 1795 763 1874 ἐλαφρὸς,
779 1785 836 1854 εἶτα
857 1794 1000 1870 λαμόάνων
1046 1787 1240 1868 ἀνυπέρύλητον
1259 1778 1390 1859 εἶναιτὴν
1411 1788 1544 1868 εὐχέρειαν
1566 1789 1612 1848 καὶ
1631 1789 1678 1860 τὴν
1699 1789 1820 1868 άπειρίαν

224 1879 340 1951 αὔξησιν,
354 1879 399 1938 καὶ
411 1881 532 1951 διανύσας
546 1884 676 1962 ἐπιφανῶς
689 1872 999 1962 πάσαντλνπροειρημὲ-
1045 1880 1091 1934 τοῦ
1113 1873 1291 1953 συγγραφέως·
1313 1874 1474 1952 Πρῦθέμῑγθς
1490 1874 1541 1954 γὰρ
1560 1874 1666 1953 apdrp
1686 1876 1822 1956 δῑαΰαφῑῖγ

224 1990 269 2038 νην
281 1965 370 2044 χώραν
384 1965 427 2023 ἐπὶ
437 1968 462 2026 τ’
473 1969 607 2044 σταδίους,
618 1966 733 2044 γίγνεται
745 1964 808 2048 πρδς
820 1971 936 2040 Δυκόαν,
949 1968 999 2039 ἤδη
1045 1962 1092 2036 τὴν
1103 1966 1153 2022 τῶν
1166 1960 1278 2040 περίτδν
1295 1959 1403 2022 Σκόπαν
1415 1961 1525 2033 ἔκταξιν,
1535 1966 1572 2042 τῷ
1584 1961 1631 2038 μὲν
1643 1961 1716 2052 δεξιῷ
1731 1963 1822 2040 κέρατί

224 2049 403 2132 προσειληφὼς
418 2053 462 2112 καὶ
474 2053 503 2112 τδ
517 2058 562 2112 τοῦ
573 2055 685 2113 Λουοίοιι
697 2056 797 2133 ῥεῦμα,
810 2052 855 2114 καί
869 2057 1001 2122 παντελῶς
1045 2072 1108 2129 φησι
1119 2052 1165 2120 τῆς
1180 2047 1425 2127 {saepetestentur
1439 2047 1486 2117 vll
1506 2049 1628 2128 φάλαγγα
1647 2053 1705 2124 μετ’
1725 2049 1821 2126 ὀλίγων

226 2139 324 2204 άύατος
338 2135 374 2196 ὢν
386 2139 430 2196 καὶ
439 2139 533 2219 βαρύς.
546 2140 588 2171 *⁴*
601 2141 641 2200 Ού
653 2139 704 2217 μὴν
721 2139 789 2198 ἀλλά
802 2139 847 2198 καὶ
858 2139 944 2198 πάντα
956 2165 1001 2217 μοι
1046 2135 1146 2194 ἱππέων
1156 2159 1162 2172 ·
1173 2131 1203 2193 τδ
1213 2135 1234 2193 δ’
1245 2132 1375 2210 εὐώνυμον
1390 2137 1485 2206 αὐτῆς,
1496 2139 1542 2193 καί
1555 2133 1613 2200 τοὺς
1623 2137 1710 2202 ἱππεῖς
1721 2136 1821 2201 πάντας

225 2226 296 2283 δοκεῖ
306 2223 339 2282 τδι
350 2226 540 2304 προειρημένα,
553 2225 727 2302 διαπτώματα
742 2225 789 2303 μέν
804 2217 885 2303 εἶναι,
901 2228 1000 2308 πρόρα-
1045 2222 1103 2289 τούς
1116 2223 1158 2280 ἐπί
1170 2222 1259 2282 τούτου
1271 2221 1459 2298 τεταγμένους,
1469 2223 1496 2279 ἐν
1505 2229 1557 2288 τοῖς
1571 2222 1700 2290 ἐπιπέδοις
1709 2229 1820 2282 κεῖσθαι.

225 2335 264 2370 σιν
286 2311 313 2369 δὲ
332 2310 496 2392 ἐπιδέχεσθαι
515 2314 560 2373 καὶ
579 2315 749 2394 παραίτησιν·
772 2314 805 2372 τδι
829 2315 876 2390 μὲν
896 2313 946 2394 γάρ
968 2316 1000 2372 δι’
1045 2310 1097 2371 Τὸν
1112 2311 1135 2368 δ’
1148 2309 1275 2387 Ἀντίοχον
1286 2307 1323 2366 ἔτι
1333 2307 1380 2384 μὲν
1390 2312 1435 2378 τῆς
1444 2311 1548 2378 ἑωθινῆς
1559 2308 1691 2387 ἐκπέμψαι
1703 2310 1765 2390 φησὶ
1777 2313 1821 2368 τὸν

225 2399 330 2476 άγνοιαν
344 2399 446 2477 γέγονε,
458 2399 523 2458 atti
536 2399 596 2478 περί
608 2399 656 2470 τὴν
667 2400 816 2479 ναυμαχίαν
827 2399 868 2458 διδ
879 2399 925 2471 τὴν
937 2399 1000 2478 πρὸς
1045 2396 1219 2475 πρεσόύτερον
1230 2394 1285 2453 υίδν
1300 2394 1437 2473 Ἀντίοχον,
1453 2395 1545 2474 ἔχοντα
1563 2395 1638 2474 μέρος
1651 2419 1677 2454 τι
1688 2400 1734 2468 τῆς
1745 2395 1821 2455 δυνά·

224 2485 271 2555 τὴν
288 2485 400 2566 πατρίδα
419 2487 609 2565 φιλοστοργίαν.
630 2477 711 2564 Εἶτα,
734 2487 771 2552 τίς
786 2489 833 2546 οὐκ
852 2486 955 2552 εἰκότως
970 2487 1000 2546 δν
1047 2507 1130 2561 μεως,
1151 2481 1194 2540 ἵνα
1206 2482 1439 2564 προκαταλᾶὅηταῑ
1458 2486 1504 2553 τῆς
1518 2484 1616 2562 ὄρεῑγῆς
1629 2481 1689 2549 τοὺς
1702 2487 1822 2563 ὑπερκει-

178 2597 182 2602 ·
225 2569 330 2642 Ζήνωνι
351 2571 495 2652 μέμψαιτο,
518 2573 582 2632 διότι
602 2573 632 2632 τδ
652 2576 740 2633 πλεῖον
758 2573 787 2632 ού
806 2573 864 2654 περὶ
882 2573 929 2645 τὴν
950 2579 1001 2632 τῶν
1045 2571 1136 2645 μένους
1153 2575 1204 2632 τῶν
1224 2570 1354 2646 πολεμίων
1375 2570 1481 2637 τόπους·
1493 2570 1540 2641 τὴν
1564 2571 1591 2628 δὲ
1605 2572 1698 2642 λοιπὴν
1713 2571 1822 2648 δύναμιν

226 2657 387 2736 πραγμάτων
402 2657 520 2734 ζήτησιν,
533 2659 590 2718 οὐδὲ
606 2657 665 2738 περί
683 2659 726 2719 τδν
738 2660 872 2740 χειρισμδν
882 2663 927 2730 τῆς
938 2663 1000 2718 ὑπο·
1046 2658 1102 2734 ἅμα
1116 2661 1153 2736 τῷ
1165 2657 1230 2736 φωτί
1244 2655 1434 2716 διαύιύοίσαντα
1447 2657 1489 2716 τδν
1507 2657 1636 2734 ποταμδν,
1659 2657 1754 2734 μεταξὺ
1769 2663 1821 2716 τῶν

225 2744 331 2812 δέσεως,
347 2741 415 2803 ἄλλά
431 2745 489 2824 περὶ
501 2744 547 2817 τὴν
560 2750 607 2816 τῆς
623 2745 714 2814 λέξεως
730 2748 894 2816 κατασκευὴν
905 2747 1002 2804 emat»
1046 2744 1227 2825 στρατοπέδων
1240 2747 1267 2802 ἐν
1281 2753 1332 2812 τοῖς
1349 2744 1478 2810 ἐπιπέδοις
1492 2743 1635 2816 ἐκτάττειν,
1651 2744 1751 2803 τιθέντα
1765 2745 1823 2810 τοδς
1844 2815 1847 2820 Ι

226 2831 303 2902 δαίιε,
314 2830 358 2888 καί
369 2832 444 2902 δῆλός
456 2835 511 2890 ἐστι
523 2831 647 2898 πολλάκις
659 2832 702 2890 ἐπὶ
714 2831 796 2910 τούτῳ
806 2831 1001 2909 σεμνυνόμενος,
1048 2831 1094 2909 μέν
1107 2833 1268 2912 φαλαγγίτας
1281 2832 1324 2891 ἐπὶ
1336 2831 1399 2909 μίαν
1411 2832 1511 2892 εὐθεῖαν
1528 2829 1597 2890 κατδ
1614 2831 1697 2907 μέσην
1711 2831 1757 2902 τὴν
1772 2835 1823 2888 τῶν

225 2919 341 2996 καθάπερ
351 2915 396 2975 καί
405 2918 508 2984 πλείους
519 2917 601 2998 ἕτεροι
611 2922 662 2978 τῶν
674 2923 806 2999 ἐπιφανῶν
816 2919 1000 2999 συγγραφέωνς
1048 2919 1180 2994 πολεμίων
1191 2917 1273 2990 τάξιν,
1285 2921 1336 2976 τῶν
1353 2919 1375 2978 δ’
1395 2916 1496 2976 tentos
1513 2916 1571 2984 τούς
1583 2916 1630 2994 μέν
1646 2918 1690 2977 ἐπὶ
1704 2918 1734 2976 τὸ
1749 2920 1823 2978 λαιὸν

254 3081 329 3128 xvii.
349 3083 447 3142 Insuper
456 3081 553 3141 sorihlt,
566 3081 682 3132 Nabidem
697 3085 803 3132 hlassena
814 3095 936 3132 reversum
948 3095 1000 3132 esse
1045 3081 1142 3144 quidem
1150 3085 1174 3131 et
1183 3082 1288 3144 plerique
1294 3081 1333 3130 alii
1342 3081 1467 3148 soripmres
1473 3081 1620 3131 celeberrimi
1628 3083 1730 3132 nominis
1738 3083 1822 3133 iecere.

225 3169 266 3217 per
284 3161 456 3220 portam,qua
475 3160 519 3208 iter
537 3161 572 3208 est
589 3161 698 3221 Tegeam.
716 3160 787 3218 Quod
805 3163 841 3209 est
858 3161 998 3210 absordum.
1048 3163 1097 3221 ligo
1109 3173 1166 3210 vero
1176 3173 1257 3209 curam
1267 3159 1363 3220 quidem
1372 3172 1401 3208 ae
1409 3159 1823 3212 studiumineocollooandomeese

224 3235 333 3295 Namque
349 3239 404 3284 ante
423 3239 541 3298 Tegeam,
559 3250 641 3286 versos
655 3238 730 3299 ipsam
746 3241 889 3299 Messanam,
909 3238 955 3287 sita
966 3241 1002 3287 est
1045 3249 1144 3298 censeo,
1159 3240 1186 3286 ot
1197 3251 1235 3286 res
1249 3239 1321 3298 gastae
1337 3238 1455 3300 eleganter
1472 3239 1544 3300 atque
1560 3241 1644 3287 ornate
1655 3239 1822 3300 pmterantur;

224 3309 391 3372 Megalopolim
403 3315 430 3360 ut
442 3313 509 3361 nulla
518 3315 586 3374 porta
594 3311 658 3374 apud
672 3314 799 3364 Messenios
807 3314 841 3362 ita
857 3315 936 3362 vocari
950 3327 1001 3376 pos·
1045 3325 1123 3374 neqoe
1134 3313 1198 3362 enim
1211 3313 1308 3376 exigua,
1317 3313 1360 3378 sed
1371 3313 1476 3364 maxima
1489 3313 1543 3364 inde
1561 3313 1651 3364 utilitra
1662 3315 1767 3364 trienna
1779 3328 1821 3364 ao-

225 3386 269 3445 sit,
281 3385 311 3434 ad
321 3391 431 3449 Tegeam.
444 3391 484 3436 Fst
496 3387 666 3450 qnidenaapnd
679 3403 721 3440 eos
731 3394 814 3452 porta,
827 3403 882 3451 qnae
895 3391 1002 3452 Tegeatis
1046 3388 1108 3438 redit
1120 3408 1127 3438 a
1140 3389 1174 3438 ita
1187 3393 1281 3450 tamen,
1291 3392 1318 3438 ot
1331 3403 1362 3438 na
1373 3391 1449 3451 prima
1460 3402 1489 3440 ac
1499 3390 1622 3452 potissima
1633 3403 1661 3439 ea
1671 3403 1749 3454 persa
1763 3391 1822 3439 viris

225 3462 504 3526 appellator,qoaltahia
515 3464 615 3514 domum
626 3469 777 3520 reversusest
788 3487 794 3515 a
807 3467 921 3528 quarein
934 3479 1001 3516 erro·
1045 3467 1175 3518 moderatis
1192 3467 1316 3516 hahentur.
1333 3468 1438 3517 hloltum
1456 3467 1562 3529 protecto
1580 3468 1667 3520 abeat:
1687 3467 1741 3518 alin
1758 3469 1822 3518 enim

225 3551 276 3588 rem
292 3539 404 3588 indoctus
413 3543 492 3600 zeno,
503 3542 638 3603 proximam
650 3545 763 3592 Μοεεωιισ
777 3547 877 3604 Tegeam
889 3555 940 3592 esse
949 3544 1001 3593 exi·
1045 3547 1103 3592 sunt
1121 3543 1296 3606 prestantiores
1313 3543 1418 3592 historiae
1438 3545 1531 3606 partes,
1551 3543 1575 3594 in
1591 3543 1727 3606 quibusvis
1741 3557 1823 3594 rernm

225 3615 340 3664 elimarit.
353 3616 424 3678 Atqui
434 3613 503 3666 aliter
511 3630 547 3666 res
558 3617 643 3668 habet:
654 3632 709 3668 nam
720 3620 851 3668 Laconicus
862 3631 891 3668 ac
902 3621 1002 3682 Megalo·
1047 3619 1152 3668 civilium
1161 3621 1342 3682 gnarusjustins
1353 3633 1404 3670 sese
1414 3623 1526 3670 ostentet.

229 3693 409 3754 politamraagee
426 3695 566 3743 Messeniam
585 3695 647 3745 inter
662 3709 691 3744 ac
707 3693 856 3758 Tegeatidem
869 3695 1000 3756 interiacet.
1077 3699 1163 3744 ltvllt.
1182 3698 1248 3756 tlon,
1264 3695 1330 3757 eood
1346 3697 1414 3756 dico,
1426 3710 1457 3746 ex
1474 3696 1583 3758 sequenti
1595 3696 1705 3758 exemplo
1720 3696 1823 3744 manile·

228 3771 349 3816 Postremo
360 3769 422 3818 idem
431 3771 495 3820 Zeno
503 3771 606 3821 affirmat
617 3771 735 3834 Alpheum
749 3771 838 3833 abipso
846 3772 927 3820 statim
938 3773 1003 3821 tonte
1045 3775 1110 3820 stom
1126 3773 1175 3822 liet.
1193 3772 1259 3824 ldem
1275 3772 1315 3824 hic
1328 3773 1438 3834 scriptor,
1453 3772 1493 3822 uhi
1507 3775 1579 3822 onze
1590 3772 1738 3822 ohsidionem
1749 3775 1824 3833 atqrre

225 3845 382 3908 occultatum,
403 3850 530 3910 postquam
551 3863 592 3912 per
619 3849 747 3913 longinqua
769 3853 841 3900 terere
856 3852 932 3914 spatia
950 3850 1002 3900 suh·
1046 3851 1106 3900 illud
1119 3850 1572 3913 proelinmnarrat‚qquntiochoain
1585 3849 1823 3912 coelesyriaadi‘a·

227 3927 349 3972 terraneos
360 3924 442 3986 lluxit,
454 3925 517 3976 circa
529 3927 631 3988 Lycoam
642 3927 750 3977 Arcadiae
762 3925 876 3989 oppidum
887 3940 938 3978 sese
951 3941 1001 3989 ege·
1046 3929 1113 3976 ntum
1122 3941 1179 3976 curn
1190 3931 1267 3990 Scopa
1278 3927 1400 3988 condixit,
1411 3928 1434 3976 io
1445 3928 1561 3978 mamonis
1571 3930 1657 3976 ornatu
1667 3931 1762 3976 tantum
1772 3931 1822 3976 sto·

201 4063 211 4073 .
227 4011 286 4048 rere.
299 4002 330 4048 ht
341 4000 380 4048 hic
395 3999 481 4050 llnvius
494 4015 542 4050 non
553 4003 636 4064 procul
646 4016 660 4052 a
669 4003 718 4052 sois
731 4001 836 4052 lontibus
844 4003 905 4052 intra
915 4007 1001 4054 terram
1046 4003 1113 4052 dium
1123 4001 1230 4066 posuisse
1238 4003 1432 4066 deprehenditur,
1442 4007 1470 4052 ut
1478 4003 1618 4064 illosetiam,
1628 4004 1670 4065 qui
1678 4016 1707 4052 ea
1717 4003 1823 4064 professo

226 4077 336 4139 subiens,
350 4091 379 4127 ac
395 4091 438 4142 per
451 4079 534 4129 decern
545 4081 622 4130 stadia
635 4081 760 4141 occultus,
777 4095 861 4130 rursus
872 4083 977 4144 erumpit
995 4097 1001 4130 :
1046 4079 1076 4128 ad
1089 4080 1272 4129 ostentationem
1281 4093 1309 4130 ao
1320 4079 1429 4142 plausum
1439 4080 1525 4142 scripta
1533 4091 1577 4129 sua
1587 4085 1744 4140 componunt,
1752 4079 1823 4140 longo

227 4167 255 4203 ac
264 4154 375 4216 deinceps
384 4168 426 4217 per
434 4157 657 4219 Megalopolitanum
667 4171 750 4218 agrum
761 4157 853 4216 tineus,
863 4157 932 4206 initio
947 4159 1002 4219 qui·
1048 4156 1173 4206 intervallo
1190 4155 1315 4218 superarit·
1331 4159 1358 4206 ln
1369 4157 1440 4206 rehns
1455 4158 1538 4206 autern
1555 4155 1612 4217 ipsis
1629 4155 1688 4204 adso
1705 4155 1824 4218 negligens

227 4231 283 4278 dem
293 4231 410 4291 modicus,
420 4235 500 4294 postea
516 4233 664 4282 incremento
680 4235 788 4296 accepto,
798 4233 897 4284 celebris
906 4233 1002 4283 unirer·
1048 4233 1108 4292 tuit,
1121 4235 1148 4282 nt
1160 4233 1204 4282 hae
1215 4233 1311 4283 levitate
1320 4233 1382 4282 illius
1397 4235 1471 4296 atque
1483 4231 1678 4294 imperitianulla
1687 4231 1764 4292 major
1771 4244 1823 4280 esse

224 4321 278 4356 sam
297 4309 361 4356 illam
379 4309 497 4371 regionem
514 4313 620 4372 permeat
635 4323 678 4372 per
695 4311 798 4361 ducenta
815 4311 906 4372 audie,
925 4314 949 4360 et
969 4311 1003 4360 sic
1047 4309 1128 4370 pressit.
1142 4309 1256 4358 ordinem
1270 4309 1334 4359 enim
1346 4309 1468 4358 instructae
1480 4322 1494 4356 a
1505 4313 1581 4370 scopa
1592 4307 1650 4356 aciei
1661 4307 1765 4369 primum
1778 4321 1822 4356 ex·

227 4385 325 4433 demum
336 4389 439 4447 Lycoam
450 4387 554 4448 attingit,
564 4385 654 4435 adscito
662 4387 711 4448 jam
723 4387 821 4436 tlumine
831 4389 901 4438 husie
911 4388 1003 4438 validus
1048 4399 1135 4448 ponere
1149 4399 1260 4446 exorsos,
1274 4386 1299 4434 in
1310 4385 1396 4434 dextro
1412 4384 1508 4446 quidem
1524 4397 1598 4433 cornu
1611 4384 1751 4446 phalangem
1765 4399 1823 4434 com

227 4459 340 4520 omnino,
355 4471 399 4508 nec
412 4461 473 4508 vado
485 4461 643 4522 permeabilis.
662 4455 701 4488 Μ’
716 4462 844 4512 Enimuero
854 4463 941 4510 cuneta
957 4461 1002 4510 Ιιιι-
1048 4461 1142 4510 modica
1151 4464 1218 4524 parte
1226 4462 1347 4523 equitatus
1355 4461 1385 4510 ad
1396 4461 1480 4523 pedem
1489 4459 1577 4509 montis
1583 4460 1717 4510 constitisse
1725 4461 1822 4519 ecrihit;

227 4536 329 4597 jusmodi
339 4537 396 4585 mihi
408 4539 505 4600 qnidam
514 4541 612 4600 ρεοσοίιι
621 4551 671 4588 essa
680 4539 850 4599 videmussed
859 4552 914 4600 quac
925 4553 1002 4588 exeo·
1047 4551 1121 4586 oomu
1139 4551 1197 4587 vero
1213 4537 1318 4600 ejusdem
1336 4537 1474 4596 sinistrum,
1488 4539 1561 4598 atque
1571 4536 1688 4586 omnesin
1701 4548 1730 4586 eo
1746 4549 1822 4584 corno

228 4614 343 4662 sationem
360 4627 388 4662 ue
401 4615 493 4664 rendam
510 4616 638 4665 admittant
652 4635 657 4666 :
673 4617 724 4665 haec
738 4617 801 4664 enim
818 4630 845 4665 ea
859 4615 1003 4678 ignoratione
1046 4614 1168 4663 ordinatos
1177 4616 1280 4676 equites,
1291 4613 1411 4676 planitiem
1425 4613 1535 4662 tenuisse.
1553 4613 1666 4662 ceterum
1676 4611 1821 4660 Antiochum

225 4690 278 4736 reri
292 4693 396 4752 prolecta
406 4697 476 4752 srrnt3
488 4693 547 4741 illnd
558 4708 627 4756 vero,
640 4695 670 4744 de
680 4708 759 4757 pugna
768 4694 864 4755 navali,
876 4707 906 4743 οκ
919 4695 1001 4746 innato
1046 4691 1122 4754 prima
1134 4690 1264 4738 etiamnum
1283 4692 1336 4739 luee
1353 4691 1443 4750 partem
1458 4687 1595 4749 copiarum,
1608 4687 1721 4748 praelecto
1733 4686 1824 4748 majore

228 4777 282 4826 erga
292 4768 393 4827 patriam
405 4781 487 4817 amoro
496 4769 572 4818 duait.
584 4770 673 4819 Deinde
682 4771 764 4834 ecquis
772 4783 820 4818 non
830 4771 916 4819 merito
925 4775 1002 4820 zeno·
1046 4765 1125 4816 chliis
1137 4766 1267 4824 Antiocho,
1285 4765 1438 4827 praemisisse,
1458 4767 1485 4812 nl
1502 4762 1600 4811 editiora
1616 4763 1735 4812 montium
1753 4763 1822 4824 lom,

224 4855 283 4891 nem
295 4848 403 4904 aeorrmt,
415 4846 479 4907 quod
490 4861 537 4896 non
554 4848 577 4896 in
589 4849 639 4910 ipsa
656 4862 735 4897 rerrrm
752 4847 914 4910 inquisitione,
926 4862 1004 4910 neque
1046 4857 1102 4908 (γυῖα
1119 4843 1227 4894 hostilius
1242 4843 1412 4906 imminebant,
1429 4844 1556 4903 0⁰⁰¹1ilflr02
1576 4861 1581 4889 =
1599 4839 1654 4890 dein
1670 4841 1720 4889 ⁸0¹0
1740 4840 1823 4890 illuct*

229 4920 252 4965 in
264 4922 396 4992 argumenti
406 4923 442 4970 soi
454 4924 610 4984 tractatione,
619 4925 660 4973 sed
671 4925 695 4974 in
708 4925 819 4974 dictionis
827 4925 941 4987 elegantia
952 4927 1004 4988 plo·
1046 4926 1141 4981 scente.
1157 4922 1257 4983 traiecto
1268 4935 1324 4972 cnm
1344 4919 1441 4982 reliquis
1457 4919 1532 4982 copiis
1550 4917 1637 4980 dorio,
1648 4917 1709 4966 inter
1721 4921 1824 4979 utraque

222 4996 316 5045 'alumni
324 4996 395 5046 studii
402 4999 490 5060 posuit,
499 5001 571 5062 atqrie
580 5001 604 5049 in
617 5014 644 5050 ου
654 5003 793 5064 saepiuscule
802 5015 827 5052 se
836 5003 929 5064 jactat?
939 5003 1004 5065 qood
1048 5004 1124 5052 eastra
1136 5001 1160 5050 in
1171 5001 1267 5064 planitie
1278 5000 1353 5050 aciem
1369 4998 1519 5058 ιιιειτυιιίωες
1535 5009 1562 5044 ae
1574 4997 1715 5058 phalangem
1725 4995 1823 5058 qrridem
