3910 5728
583 341 617 400 I..
640 339 756 400 CINCI'I
777 337 965 398 astuanti
988 336 1231 404 ratramne.

123 494 200 554 [usse
222 476 339 529 Romam
360 477 491 528 uenire...
516 473 623 545 legatos
644 489 711 544 opas
732 487 790 524 esse
807 471 849 524 ad
868 487 898 522 sc
942 467 1062 541 denique
1073 486 1187 524 movere
1198 487 1250 522 nos
1268 465 1354 524 debet
1371 479 1403 523 ut
1416 471 1496 524 initio
1516 471 1584 526 belli
1605 485 1719 548 captum

124 566 204 630 mitti,
219 566 298 614 uiros
309 560 476 632 prudentes,
492 575 554 611 cum
568 557 665 630 quibus
679 575 742 630 quoe
755 559 844 611 uellet
863 557 898 610 de
942 555 1067 610 dicamus
1086 555 1212 611 Cincium
1225 555 1304 610 nulla
1319 558 1454 628 temporis
1477 559 1594 613 notione
1607 579 1623 614 a
1637 563 1719 617 Livio

124 641 262 724 republica
277 649 440 720 loqucmmr.
454 645 555 719 Legati,
565 645 595 698 hi
605 645 735 699 nuntiare
743 643 811 714 jussi
828 661 892 696 con·
942 643 1061 710 tradita?
1071 644 1147 698 NIhil
1157 644 1242 716 igitur
1252 642 1352 714 obstat,
1360 645 1430 716 quin
1440 663 1504 700 cum
1513 649 1618 717 Vossio,
1629 651 1720 705 Lach-

123 739 189 804 suli,
210 740 286 790 111ιί
308 735 351 788 ad
369 737 481 788 comitia
504 736 564 804 ipsse
588 733 704 786 Romam
723 736 822 786 venire
844 748 898 784 non
942 748 1063 798 manno,
1085 729 1261 799 Liebaldtio,
1290 730 1402 784 Blumio
1425 730 1563 807 (Einleitg
1588 739 1618 788 in
1637 737 1721 790 lionis

121 835 224 898 posset,
243 822 404 876 dictatorcm
423 824 452 873 in
469 837 538 893 agro
555 819 681 872 Romano
695 818 801 870 diceret
814 821 898 870 comi-
942 819 994 874 alt.
1014 816 1111 874 Gescb.
1124 835 1155 889 p.
1169 814 1224 889 66)
1240 834 1329 870 uuum
1342 816 1522 891 eundemque
1535 830 1637 878 statuas
1655 823 1721 878 Cin-

124 916 218 966 tiomm
233 927 341 964 caussa.
356 908 388 962 Si
397 908 495 962 consul
507 906 655 960 Tarentum
662 901 803 977 proscctru
812 913 895 967 essct,
944 905 1019 958 cium
1034 913 1185 976 praetorem
1204 912 1232 957 et
1243 902 1423 974 historicum,
1435 923 1556 978 eumque
1567 919 1632 980 post
1645 910 1721 966 illam

124 998 155 1066 Q.
176 996 328 1052 Claudiurn
340 1007 491 1068 praetorem
502 994 616 1066 placere
629 996 658 1044 in
678 1009 741 1044 eom
758 993 899 1061 regionem
944 991 1112 1064 legationem
1124 1008 1198 1046 ιιιιιιο
1210 1008 1241 1058 ιι,
1262 988 1319 1054 566
1330 1003 1487 1064 susceptam
1499 993 1575 1049 dicas
1589 1006 1719 1068 captunu

123 1084 183 1138 inde
195 1083 335 1138 abducere
351 1083 488 1154 legiones,
501 1084 530 1132 in
543 1097 599 1151 qua
608 1080 750 1152 plurimus
765 1081 899 1130 sociorum
943 1079 1055 1132 sienim
1075 1076 1198 1132 eundem
1214 1076 1330 1148 quidem
1340 1089 1493 1151 unumque
1510 1079 1654 1136 hominem
1675 1084 1721 1138 Pi-

124 1173 199 1226 uses
224 1175 296 1226 meri
318 1181 417 1242 posset,
436 1167 477 1244 (c.
496 1163 561 1242 29).
592 1167 767 1222 Dictatorem
790 1163 899 1218 dictum
944 1165 1077 1238 ghianum
1104 1181 1213 1232 censes,
1237 1164 1319 1218 initio
1348 1183 1417 1220 vero
1439 1164 1509 1222 belli
1534 1177 1663 1241 captum,
1692 1169 1723 1224 id

125 1277 178 1314 csse
203 1277 222 1314 a
245 1257 379 1328 Quinctio
401 1258 433 1312 T.
456 1255 592 1309 Manlium
611 1255 787 1325 Torquatum
809 1253 900 1324 capite
945 1251 1024 1323 quod
1038 1261 1103 1326 post
1114 1251 1330 1306 Meierottoncm
1346 1249 1432 1324 (Dias.
1453 1253 1562 1310 Livian.
1576 1257 1621 1324 11,
1637 1274 1666 1330 p.
1688 1257 1720 1328 7)

125 1344 227 1400 deinde
237 1345 378 1398 tricesimo
389 1342 474 1397 tertio
485 1340 568 1395 nobis
581 1339 668 1394 tradit
684 1340 794 1407 Livius,
808 1337 900 1393 dele·
945 1337 1011 1394 fecit
1023 1338 1196 1393 Niebuhrius
1211 1336 1299 1411 (tom.
1314 1339 1343 1406 1,
1360 1355 1390 1412 p.
1411 1336 1466 1409 287
1485 1339 1531 1395 ed.
1555 1341 1664 1416 quart.)
1680 1343 1724 1398 his

125 1433 189 1504 gatis
199 1449 273 1485 vcro
284 1432 351 1502 ipsis
363 1427 587 1483 nihilmemoriae
605 1425 741 1481 habemus
755 1426 901 1499 consigna·
945 1426 1057 1484 verbis:
1082 1449 1095 1476 1
1107 1428 1146 1482 Er
1161 1443 1220 1480 war
1244 1426 1363 1480 Senator
1380 1445 1410 1480 ιι.
1432 1427 1472 1480 im
1490 1425 1724 1486 Hannibalischen

125 1529 193 1586 rum,
210 1535 309 1590 neque
324 1517 355 1570 in
371 1515 452 1570 libris
464 1513 646 1586 sequentibus
664 1513 722 1567 ulla
735 1511 824 1570 Cincii
835 1511 903 1584 inji-
945 1514 1051 1587 Kriege
1066 1515 1182 1586 Praetor,
1194 1513 1324 1586 obgleich
1342 1530 1373 1569 er
1390 1531 1435 1568 am
1449 1513 1561 1590 Aniang
1579 1516 1723 1574 desselben

125 1607 192 1660 citur
208 1605 329 1660 mentio.
349 1606 385 1658 At
398 1602 474 1656 libro
487 1601 577 1670 XXI,
591 1619 616 1655 c.
634 1597 671 1654 38
685 1601 744 1653 haec
758 1599 875 1673 legimus
892 1617 899 1652 :
948 1601 997 1658 das
1014 1601 1146 1676 Ungliick
1160 1600 1263 1676 gehabt
1279 1601 1354 1656 hatte
1367 1601 1543 1676 Gesangener
1555 1603 1607 1660 der
1622 1607 1723 1662 Poener

126 1695 153 1750 L.
166 1693 282 1748 Cincius
301 1692 455 1744 Alimentus
465 1693 513 1762 qui
523 1698 634 1762 coptum
648 1705 678 1742 sc
691 1687 729 1740 ob
742 1686 902 1740 Hannibale
946 1708 981 1743 zu
990 1689 1107 1746 werden
1120 1714 1131 1739 ι
1144 1719 1185 1732 --
1193 1691 1223 1744 in
1234 1688 1342 1744 nodum
1355 1689 1404 1744 illo
1414 1692 1616 1746 contortiorem
1628 1693 1724 1766 impli7

125 1777 219 1834 scribit
231 1784 357 1834 maxime
371 1789 467 1832 auctor
480 1787 662 1848 memoraret,
678 1785 732 1832 etc.
743 1772 784 1847 (r.
798 1773 833 1828 fr.
852 1793 867 1843 7
880 1775 900 1844 i.
945 1777 1055 1854 vnaboris
1068 1795 1075 1832 ε
1090 1795 1173 1845 nam,
1195 1777 1225 1831 id
1244 1776 1323 1850 quod
1346 1785 1428 1832 acute
1441 1788 1538 1832 monet
1554 1779 1725 1834 Licbaldtius

125 1869 285 1922 Enm·cnim
301 1875 429 1920 nostrum
440 1865 568 1920 Cincium
581 1879 638 1918 esse
651 1863 699 1917 vix
710 1871 749 1916 est
760 1880 811 1916 cur
823 1861 903 1916 dubi·
946 1880 976 1940 p.
1007 1881 1041 1933 7,
1067 1864 1089 1916 si
1113 1880 1211 1918 revera
1234 1863 1345 1918 Cincius
1368 1863 1446 1918 hello
1467 1865 1574 1919 Punico
1599 1866 1724 1922 secundo

124 1956 223 2008 siverit
237 1953 352 2028 Pighius
364 1950 415 2027 Γ),
431 1953 480 2026 qui
494 1961 563 2005 tom.
584 1949 630 2019 II,
651 1969 682 2023 p.
702 1959 756 2013 aba
776 1948 812 2003 ad
830 1967 855 2006 a.
870 1967 901 2006 ιι.
947 1949 1060 2004 ineunte
1073 1950 1103 2002 in
1117 1949 1279 2004 Hannibalis
1299 1959 1467 2023 potestatem
1480 1953 1612 2022 venisset,
1637 1973 1725 2026 quum

126 2039 195 2109 534,
210 2041 265 2094 ubi
281 2049 450 2112 quaestorem
465 2041 498 2096 L.
521 2038 649 2094 Cincium
662 2038 834 2092 alimentum
847 2055 903 2109 po·
947 2037 1067 2090 Romani
1078 2037 1203 2108 captivos
1213 2046 1260 2090 aut
1272 2037 1411 2091 redimere
1423 2039 1531 2092 nollent
1541 2038 1617 2111 (Liv.
1628 2043 1724 2111 XXII,

124 2129 178 2194 nit,
199 2128 279 2182 hunc
297 2125 387 2181 filium
405 2127 499 2200 potius
511 2125 564 2179 sibi
577 2124 702 2178 historici
716 2141 801 2196 quam
814 2125 904 2196 ipsum
949 2131 984 2191 57
1006 2133 1033 2176 et
1049 2123 1096 2177 61.
1115 2123 1257 2192 XXXIV,
1276 2121 1321 2178 50.
1343 2125 1463 2196 Appian.
1485 2127 1527 2180 De
1545 2126 1612 2184 bell.
1631 2129 1721 2188 IIann.

123 2215 292 2268 historicum
310 2213 403 2268 videri
422 2222 529 2268 monet.
555 2213 670 2267 Iscnirn
691 2210 726 2265 ab
747 2210 904 2266 Hannibale
950 2209 1225 2280 27ct28atacr0b.
1242 2213 1299 2266 Sat.
1316 2213 1346 2280 I,
1370 2209 1435 2287 ιι),
1454 2223 1503 2266 aut
1518 2223 1593 2268 certe
1607 2233 1656 2270 eos
1676 2219 1726 2288 qui

123 2312 220 2376 raptus
235 2303 261 2356 ei
278 2301 395 2355 videtur
412 2301 493 2355 initio
513 2299 594 2366 belli,
616 2297 694 2369 cujus
707 2282 905 2371 posteahisto-
949 2294 1078 2368 hrgcrant
1099 2297 1253 2371 ignominia
1275 2308 1406 2353 notarent
1432 2297 1509 2372 (Liv.
1532 2301 1649 2372 XXIII,
1677 2301 1724 2361 31.

122 2390 191 2443 fiam
212 2389 372 2442 accuratius
388 2385 557 2462 prodiderit.
582 2387 648 2440 Haec
668 2403 737 2440 vcro
761 2385 906 2458 captivitas
948 2383 1043 2454 XXV,
1060 2383 1089 2440 5.
1107 2405 1135 2455 7.
1149 2386 1273 2458 XXVII,
1296 2405 1323 2456 7.
1341 2405 1386 2444 11.
1400 2387 1515 2456 XXIX,
1537 2386 1613 2462 al),
1632 2407 1728 2448 nonne

123 2493 186 2529 eum
206 2484 332 2548 praetrua
345 2493 447 2529 novem
460 2473 539 2528 arinis
553 2482 617 2546 post
634 2481 709 2546 gesta
720 2472 799 2524 nullo
817 2469 905 2524 modo
948 2472 1065 2544 propius
1075 2471 1220 2528 adrerum
1231 2473 1377 2528 accederet
1386 2474 1476 2546 Pighii
1487 2493 1571 2547 quam
1581 2477 1727 2533 Niebuhrii

123 2564 269 2618 muciliari
282 2579 364 2634 posse
376 2565 401 2618 ei
412 2561 535 2628 videtur,
548 2559 628 2632 quod
641 2569 751 2614 senatus
762 2559 906 2614 Romanus
948 2561 1083 2614 sententia
1091 2600 1099 2630 ,
1107 2561 1214 2634 quippe
1224 2579 1346 2632 quorum
1358 2560 1404 2616 hic
1413 2561 1540 2617 Cincium
1548 2562 1726 2638 redemptum
1739 2583 1742 2592 ·

124 2658 150 2704 et
172 2665 322 2715 censores,
343 2657 376 2700 ut
401 2648 486 2720 ipsius
504 2655 569 2700 utar
592 2645 701 2714 verbis,
723 2663 757 2698 eo
778 2654 906 2717 tempore
950 2644 986 2700 ad
998 2656 1147 2718 praeturam
1159 2649 1319 2720 pervenisse
1331 2657 1468 2715 censeret,
1479 2649 1526 2704 ille
1538 2648 1618 2704 abeo
1632 2661 1727 2724 postea

124 2753 237 2802 omnes,
253 2735 305 2807 qui
325 2752 403 2788 arma
422 2733 549 2788 hostibus
570 2731 762 2800 tradidissent,
785 2731 814 2784 in
836 2732 906 2786 Sici·
949 2733 1039 2786 ullum
1052 2735 1242 2807 magistratum
1256 2734 1366 2788 obitum
1385 2751 1442 2795 esse
1460 2751 1576 2807 prorsus
1595 2739 1729 2810 negaret?

125 2823 203 2890 lina,
227 2819 367 2894 quamdiu
383 2821 461 2874 Parni
482 2820 512 2872 in
535 2819 616 2874 Italia
637 2829 740 2887 essem,
769 2818 907 2892 relegatos
950 2819 1040 2874 Cuiid
1051 2839 1165 2896 quoquc
1178 2821 1292 2892 adjicio,
1308 2821 1490 2876 IIarrnibalem
1501 2821 1730 2880 hominemcalli·

124 2911 207 2964 variis
216 2907 382 2982 ignominis
400 2917 429 2961 et
441 2908 519 2980 gravi
531 2907 646 2979 insuper
661 2907 768 2961 malitia
784 2906 904 2978 procui·
951 2905 1094 2962 dissimum
1108 2909 1199 2981 primo
1216 2909 1283 2982 ¹helii
1297 2919 1425 2982 tempore
1435 2925 1471 2963 ne
1488 2909 1600 2980 captivo
1612 2910 1728 2981 quidem

125 2996 236 3052 abant
251 2997 290 3049 At
301 2994 413 3048 Vossius
424 3009 561 3047 assensum
574 3003 672 3047 nactus
684 2993 816 3066 Longolii
829 2990 907 3065 (No-
950 3003 1007 3048 tam
1038 3005 1167 3049 accurate
1187 3013 1337 3050 numerum
1364 2995 1501 3062 militum,
1528 3012 1614 3066 quem
1638 3014 1728 3068 quum

124 3083 184 3136 titia
207 3079 445 3136 Hermundorum
459 3089 526 3146 etc„
550 3078 597 3134 ed.
613 3080 733 3135 Ernesti.
758 3084 842 3151 1794.
861 3081 905 3146 II,
950 3081 1204 3137 maximeamisisset
1214 3092 1242 3137 et
1252 3083 1393 3154 reliquum
1403 3082 1527 3150 haberet,
1539 3085 1729 3155 expositurum

125 3185 152 3240 p.
174 3167 229 3244 4),
251 3179 281 3222 et
291 3165 467 3230 LiebaldtIus
487 3165 607 3240 (Hister.
628 3168 713 3220 Rom.
730 3167 825 3238 Reliq.
842 3165 905 3220 Hal.
951 3167 1043 3223 luisse.
1056 3170 1109 3224 Per
1123 3169 1289 3241 captivitatis
1300 3171 1386 3242 igitur
1397 3179 1507 3242 tempus
1522 3169 1635 3243 abipso
1651 3173 1730 3227 Han-

129 3255 218 3326 1833,
234 3274 266 3328 p.
288 3253 307 3308 6
330 3271 394 3327 sqq.
416 3254 482 3308 coll.
501 3255 673 3309 Lachmann.
691 3257 733 3310 De
747 3253 828 3310 sontt.
843 3255 905 3309 Liv.
951 3254 1044 3310 nibale
1059 3255 1273 3311 multavidetur
1293 3258 1476 3329 comperisse,
1498 3275 1559 3329 quae
1573 3257 1610 3314 ad
1622 3257 1730 3316 bellum

125 3344 170 3410 II,
190 3339 302 3417 pars)
317 3343 390 3396 hanc
404 3341 610 3396 dubitationem
622 3360 724 3396 vanam
745 3359 802 3396 esse
816 3352 909 3396 osten·
952 3341 1007 3396 hoc
1028 3341 1168 3412 iacerent,
1191 3352 1220 3398 et
1244 3342 1289 3398 vel
1310 3343 1366 3411 ibi,
1396 3341 1511 3398 sortasse
1533 3353 1566 3398 ut
1590 3342 1729 3423 dssidnpm

127 3429 244 3488 demat.
261 3429 437 3485 ilistoricum
449 3429 539 3502 ipsum
556 3429 642 3484 rebus
662 3447 718 3484 ase
736 3431 855 3483 narratis
865 3427 909 3483 af·
953 3429 1103 3507 Hannibali
1112 3429 1237 3502 offerret,
1249 3447 1308 3502 quo
1320 3429 1356 3484 de
1371 3429 1563 3501 Romanorum
1573 3442 1601 3486 et
1613 3433 1732 3505 antiqui-

127 3516 209 3572 iuise
221 3525 322 3572 narrat
334 3516 484 3588 Dionysius
501 3517 566 3571 Hal.
581 3517 617 3571 Α.
636 3516 673 3570 11.
695 3517 725 3584 1,
740 3534 766 3570 c.
789 3513 817 3583 6,
830 3533 910 3568 com·
953 3525 1009 3570 tate
1021 3527 1049 3571 et
1063 3516 1099 3572 dc
1112 3519 1253 3572 novissimi
1270 3517 1338 3572 beili
1351 3518 1454 3589 quibus
1465 3517 1630 3574 interfuerat
1647 3521 1732 3576 rebus

127 3603 213 3659 mode
229 3623 247 3660 a
258 3605 358 3660 Vossio
372 3603 479 3658 allatos.
493 3603 646 3674 Quomodo
659 3602 728 3657 vero
740 3611 820 3675 pater
838 3601 911 3655 illius
954 3605 1036 3676 gestis
1055 3606 1204 3658 certiorem
1217 3623 1282 3660 eurn
1296 3604 1415 3678 laceret,
1431 3605 1475 3659 vel
1492 3615 1555 3678 post
1568 3606 1732 3681 redemptus

127 3693 181 3746 riri
200 3709 291 3747 senex
313 3700 390 3745 certe
415 3690 466 3743 illo
489 3699 617 3764 ternpore
639 3689 814 3763 deportanus
833 3689 910 3743 bello
954 3693 1076 3762 pervitae
1087 3694 1203 3764 privatas
1213 3692 1302 3746 otium
1312 3709 1383 3764 opus
1393 3709 1475 3745 suum
1483 3691 1648 3748 historicum
1657 3713 1732 3750 com·

126 3781 224 3852 potnit
235 3778 350 3834 adesse?
362 3776 515 3849 Quomodo
526 3778 630 3846 Fabio,
644 3777 693 3849 qui
704 3777 805 3830 harum
815 3779 911 3830 rerum
954 3779 1084 3852 posuIsse.
1100 3803 1111 3828 ι
1126 3781 1191 3835 Haec
1201 3779 1237 3836 de
1251 3781 1308 3834 vita
1320 3779 1410 3838 Cincii
1425 3781 1562 3836 Hertzius.

127 3877 233 3922 auctor
254 3874 374 3920 vocatur
397 3865 619 3938 antiquiaimus,
651 3863 709 3918 dici
728 3863 912 3936 subaequalis-i
996 3868 1147 3922 Historiam
1167 3867 1267 3940 populi
1294 3868 1416 3922 Romani
1444 3885 1460 3922 a
1484 3865 1582 3925 Cincio
1604 3885 1733 3924 sermone

127 3955 204 4008 Num
218 3969 310 4026 porro
322 3951 458 4006 credibile
471 3962 512 4006 est
524 3951 648 4018 devito,
662 3967 747 4024 quem
757 3959 912 4006 senatorem
956 3973 1047 4028 gracco
1062 3955 1193 4010 traditam
1208 3964 1292 4026 atque
1312 3942 1350 4014 ita
1371 3954 1501 4026 quidem,
1522 3965 1553 4011 ut
1573 3957 1733 4030 antiquiora

128 4041 214 4095 luisse
225 4037 459 4109 111011111011111111
471 4038 538 4095 1111.
554 4039 583 4110 Ῑ,
601 4043 652 4106 7-1,
664 4047 696 4090 ut
708 4055 773 4090 eum
785 4053 819 4090 ex
831 4049 912 4109 gente
956 4053 1084 4116 tempora
1106 4039 1289 4119 κεφαλαιωδῶς
1313 4051 1471 4114 enarraret,
1492 4041 1535 4098 sui
1558 4059 1628 4098 sero
1647 4043 1733 4116 ipsius

127 4127 246 4200 plebeia
258 4124 414 4180 oriundum
425 4124 461 4178 ad
472 4143 533 4179 rem
550 4125 693 4197 publicam
707 4125 850 4178 acecnisse
859 4141 912 4179 nc·
957 4131 1008 4184 aevi
1018 4147 1063 4184 res
1073 4125 1115 4184 aa
1128 4123 1175 4196 τὴν
1190 4124 1326 4205 ἐμπειρίαν
1339 4124 1452 4204 dupiicia
1464 4139 1632 4202 exponeret,
1647 4139 1732 4185 testa-

128 4233 207 4269 ceme
223 4215 278 4280 sit,
299 4229 393 4283 neque
408 4210 439 4264 id
451 4212 509 4266 sine
525 4209 623 4278 laude,
643 4211 666 4264 si
686 4228 720 4264 es
735 4211 834 4284 insigni
849 4230 914 4266 cmn
950 4227 1004 4290 ¹tur
1017 4217 1166 4288 Dionysius
1177 4217 1239 4274 Hal.
1255 4219 1289 4272 A.
1308 4217 1345 4271 R.
1359 4213 1416 4283 1‚5
1437 4215 1480 4289 (ιι.
1497 4217 1533 4280 fr.
1549 4215 1628 4276 Fabii
1639 4217 1733 4271 Picto-

129 4300 296 4356 Hannibale
321 4297 522 4367 familiaritate,
549 4315 605 4369 qua
631 4307 728 4369 captus
759 4297 913 4370 gaudebat,
958 4300 1027 4374 ris),
1048 4303 1126 4374 cujus
1139 4301 1224 4357 fidem
1237 4303 1285 4375 qui
1299 4303 1458 4358 subvertere
1471 4301 1651 4370 studuerunt,
1664 4303 1734 4362 nihil

128 4389 271 4460 colligere
295 4383 403 4456 aliquid
430 4384 511 4452 licet,
541 4383 610 4437 1111111
633 4385 750 4437 omnino
772 4385 914 4439 mernoriae
958 4391 998 4444 illi
1006 4389 1121 4462 quidem
1130 4389 1510 4463 protulerrmt,quodnotari
1518 4389 1547 4446 h.
1556 4387 1733 4446 hmereatur.

129 4473 288 4548 proditum
302 4489 360 4527 essa
374 4472 426 4526 nisi
439 4471 583 4526 historIam
597 4489 661 4526 cum
675 4471 829 4544 scripsisse?
839 4470 915 4542 Quid
958 4477 1153 4532 Narrationem
1174 4487 1273 4532 auctor
1293 4475 1330 4532 ad
1350 4475 1435 4530 finem
1455 4491 1543 4547 usque
1554 4475 1621 4529 belli
1636 4477 1734 4532 Punici

161 4621 198 4680 (⁶)
220 4637 233 4662 Ι
246 4617 355 4668 mem
370 4617 545 4668 dammim
558 4617 632 4667 mim
649 4617 756 4679 profem
775 4618 915 4670 cnutonem
960 4564 1077 4665 secundi
1092 4564 1250 4620 deduxerit.
1268 4565 1309 4618 Ex
1322 4561 1482 4636 fragmentis
1494 4579 1613 4616 numero
1624 4564 1735 4636 paucis-

130 4691 159 4738 F·
173 4689 207 4737 H·
222 4687 254 4736 ,d
265 4701 288 4736 ι
303 4691 363 4747 m,
375 4687 442 4748 quod
455 4687 583 4749 Dionysius
595 4693 624 4738 Α,
639 4689 669 4737 Β,
683 4689 707 4747 1,
719 4701 740 4748 p.
764 4693 807 4738 187
821 4691 916 4738 ,amm
959 4653 1034 4708 simis
1052 4653 1106 4707 hoc
1121 4662 1196 4708 certe
1215 4662 1304 4726 patet,
1319 4651 1448 4709 Cincium
1461 4649 1498 4704 de
1510 4651 1608 4723 priscis
1621 4663 1735 4726 tempo-

129 4759 273 4808 ΕΜ
286 4769 344 4806 m
355 4756 428 4806 rum
440 4757 551 4818 mandet,
563 4769 635 4819 quam
649 4769 747 4805 eausam
759 4771 787 4808 ω
799 4756 849 4818 jam
862 4757 916 4807 afri.
959 4741 1038 4794 ribus
1065 4740 1234 4811 plerumque
1256 4739 1421 4793 consensisse
1442 4756 1506 4792 curn
1533 4739 1635 4808 Fabio,
1657 4739 1736 4812 cujus

130 4832 249 4877 imme
259 4825 409 4886 motha,
421 4826 486 4888 quod
497 4827 676 4876 (indushomo
687 4826 794 4886 plebatus
805 4839 836 4876 ne
845 4841 916 4877 sena·
961 4845 1045 4898 0pus,
1061 4827 1111 4881 etsi
1133 4826 1246 4896 aqualis
1259 4826 1328 4892 viri,
1352 4835 1415 4880 ante
1430 4825 1526 4880 oculos
1545 4825 1672 4881 habuisse
1690 4827 1734 4880 vi·

131 4895 285 4980 1111111111
295 4896 347 4946 fiai
356 4897 519 4976 1111111111
529 4895 788 4976 111111111111111
798 4897 916 4947 runcis..
960 4912 1053 4971 astur.
1076 4913 1198 4967 Anao
1227 4911 1278 4981 (a.
1300 4911 1334 4986 s)
1366 4913 1476 4967 cineus
1493 4911 1597 4968 autur
1616 4913 1735 4984 nages.

130 4965 918 5029 ‚amegamadoenpumnmaccccsunnmysunnnquuque
1726 4993 1729 4998 -

132 5037 377 5154 gaqegonmwoponct.
398 5035 435 5085 cl.
457 5035 488 5085 do
508 5035 590 5086 Ciucio
606 5035 744 5086 cliotoncm
764 5035 852 5084 sdan.
872 5042 917 5086 225

961 5011 1193 5056 monumentorum
1208 4999 1310 5054 nrrctor.
