3910 5728
208 261 260 314 104
851 243 1054 303 Muuouurt
1076 243 1183 304 saliti

198 381 298 462 ταχέως
319 378 455 438 ἀνελέσθαι
469 376 498 436 τδ
520 375 626 456 βρέτας,
640 372 686 432 καί
706 371 911 450 διακομίσαντας
934 371 979 431 lael
1025 371 1124 444 ταύτην
1145 371 1214 452 έχειν
1237 371 1357 440 ἐπιτάξαι
1378 371 1423 434 τὸν
1446 371 1638 452 καθηγούμενον
1662 377 1713 435 τῶν
1727 381 1801 439 θεῶν.

198 465 331 528 θάλασσαν
344 470 378 532 είς
390 465 420 524 τὸ
430 465 528 545 σκάφος
540 461 716 540 έμθαλέσθαι·
730 461 889 538 λυσαμένους
899 461 922 520 δ’
933 462 980 519 αθ·
1025 457 1105 520 ‘oter
1116 462 1163 518 ἀπ’
1177 459 1275 520 ίκείνου
1291 459 1335 520 τὸν
1349 459 1527 537 δεδηλωμένον
1539 460 1665 543 στέφανον
1680 467 1717 544 τῷ
1732 467 1804 542 Προ-

197 556 256 624 τοὺς
269 555 302 614 τδι
317 552 469 634 πρυμνήσια
483 550 529 610 καί
542 550 589 616 τὰς
601 547 716 631 άγκῦρας
728 548 896 625 ἀνελομένους
910 550 979 628 είρε-
1026 548 1104 624 μηθεῖ
1114 547 1306 626 περιγενέσθαι,
1317 546 1363 606 καλ
1378 549 1436 625 μετ’
1446 548 1475 606 οὗ
1488 547 1554 607 πολὺ
1565 553 1618 617 τοῖς
1630 551 1803 630 εὖεργετηθιῖ.

198 643 243 720 σίφ
254 667 282 701 τε
293 640 364 720 πάσῃ
379 637 529 723 χρωμένους
538 634 845 716 άπαίρεινοθδόνασθαε.
860 635 980 713 Ἧγησα·
1024 657 1069 694 σιν
1078 633 1222 716 ἀνθρώποις
1237 637 1288 694 ὑπ’·
1296 637 1374 694 αὐτοῦ
1385 634 1454 692 κατδ
1472 634 1577 706 muron*
1599 637 1678 718 πυρὸς
1696 640 1803 720 δωρεάν,

200 730 290 803 μένους
304 719 347 786 οὖν
362 731 428 786 θεῖον
441 725 510 784 τοῦτ’
526 715 607 798 ε’ίναι,
618 723 699 782 πάλιν
711 722 923 802 ἐξενεγκαμένους
934 727 980 795 τῆς
1025 721 1123 804 Διόπερ
1136 723 1244 789 καὶτοῖς
1259 719 1347 801 Καρσί
1360 720 1430 780 κατὰ
1442 721 1473 782 εδ
1483 724 1669 802 παραπλήσιον
1682 725 1738 794 έθος
1752 750 1803 786 πα-

197 816 297 882 νεδιςτὸ
308 815 400 895 βρέτας
408 811 629 892 άποθέσθαιπαρέι
639 811 682 870 τόν
690 812 819 888 αἰγιαλόν·
829 808 980 890 κολψσιστδ
1026 810 1206 887 ρεκὶλεύσατο,
1215 807 1400 889 στεφανώματι
1408 809 1803 892 χρωμένοιςῇλόγῳκσταδεῑν

198 905 269 982 αὐτῷ
289 902 451 972 ποιήσαντας
474 901 613 980 περιδεεῖς,
622 899 845 960 ἀπαλλάττεσθαι.
875 899 932 970 Τῆς
953 896 980 954 δέ
1025 896 1072 968 τὴν
1084 901 1184 957 ἑαυτῶν
1198 895 1313 978 κεφαλὴν
1329 903 1382 964 τοῖς
1392 897 1509 969 ιυίάδοις,
1520 889 1556 966 οἷς
1570 899 1644 958 αὐτοὶ
1658 901 1804 964 κατίλαθον

198 991 329 1067 Ἀδμήτης
343 987 419 1048 έωθεν
439 987 610 1063 δηλωσάσης,
626 985 665 1044 δτι
683 985 713 1044 τδ
733 984 826 1066 βρέτας
837 984 980 1065 ἠφανίσθη,
1025 983 1073 1056 τὴν
1085 986 1153 1047 θεόν.
1169 981 1366 1046 Καταλῦσαίδέ
1378 983 1423 1043 καὶ
1437 985 1522 1044 τάλλα
1532 983 1595 1063 γένη
1608 989 1660 1044 τῶν
1671 989 1804 1069 στεφάνων

198 1079 242 1137 καί
251 1077 380 1150 ζητήσεως
387 1073 542 1154 γενομένης,
554 1075 636 1156 εὑρεῖν
647 1073 694 1150 μέν
703 1073 766 1132 stri
775 1072 982 1144 τοθςζητοῦντας
1026 1072 1150 1152 ἐπέταξε,
1164 1071 1245 1152 χωρὶς
1258 1073 1305 1142 τῆς
1317 1071 1431 1152 δάφνης·
1444 1070 1492 1142 τδν
1508 1071 1531 1130 δ
1542 1072 1620 1140 αὖτδς
1633 1073 1682 1154 έφη
1695 1083 1749 1144 τοῖς
1758 1077 1805 1148 τὴν

198 1166 241 1226 ἐπὶ
251 1169 296 1235 τῆς
310 1163 409 1236 ἠιόνος,
419 1168 453 1228 ὡς
467 1163 488 1221 δΙ
502 1161 533 1220 διν
547 1159 695 1241 βαρθάρους
708 1163 809 1240 Κᾶρας,
818 1157 980 1230 ὑπονοήσαν-
1026 1160 1082 1220 θεὸν
1092 1158 1262 1240 θεραπεύωσι
1271 1157 1358 1234 μόνοις
1369 1157 1509 1236 ἀπονέμειν
1521 1159 1610 1239 δῶρον.
1622 1163 1684 1229 Τοῖς
1696 1185 1725 1221 τε
1740 1185 1807 1244 χρη-

197 1277 244 1320 τας
260 1251 407 1328 αὐτόματον
418 1247 636 1328 ἀποδεδρακέναι,
649 1247 713 1326 πρός
722 1271 747 1306 τι
760 1247 840 1324 λόγου
854 1246 980 1326 θωράκιον
1009 1251 1124 1310 ’σθεῖσιν
1150 1251 1181 1310 lx
1202 1251 1249 1318 τῆς
1271 1246 1395 1326 μαντείας
1416 1247 1693 1318 κατακολουθήσαντας
1714 1251 1807 1320 αὐτοὺς

199 1339 385 1420 ἀπερείσασθαι
400 1337 512 1405 καὶτοὺς
522 1335 731 1414 εὐμηκεστάτους
741 1338 794 1393 τῶν
806 1334 909 1394 κλάδων
919 1329 982 1392 tata-
1027 1336 1152 1404 δόλαόεῐς
1166 1336 1285 1408 ἔσεσθαι,
1300 1334 1345 1394 καί
1359 1333 1433 1406 δίκην
1451 1337 1479 1394 έν
1499 1335 1618 1415 εδωχίαις
1638 1339 1807 1408 ἀποδιδόντας

197 1429 306 1508 τέρωθεν
317 1425 544 1502 ἐπισπασαμένους
555 1423 719 1503 περιειλῆσαι
731 1420 868 1482 πάντοθεν.
881 1423 907 1480 Τ
907 1420 939 1492 ἠν
952 1417 980 1478 δέ
1026 1431 1060 1506 τῇ
1073 1429 1122 1504 θεῷ
1135 1423 1183 1495 τὴν
1198 1421 1392 1502 προσήκουσαν.
1403 1417 1486 1483 Ὅθεν
1499 1421 1559 1489 τοὺς
1572 1425 1675 1503 Κᾶρας,
1689 1428 1808 1486 ὑπακοῦ-

198 1515 329 1592 Ἀδμήτην
343 1513 461 1574 λύσασαν
475 1512 539 1570 αὐτὸ
553 1510 658 1592 ἁγνίσαι
673 1509 718 1568 καί
733 1514 829 1582 στῆσαι
842 1507 921 1567 πάλιν
938 1508 981 1566 ἐπὶ
1021 1537 1072 1590 ’σαι
1085 1511 1255 1594 βουλομένους
1263 1517 1317 1578 τοῖς
1326 1512 1356 1568 ίκ
1365 1515 1412 1570 τοῦ
1423 1509 1596 1589 χρηστηρίου,
1607 1515 1754 1574 καταλῦσαι
1762 1513 1808 1582 τθς

165 1635 170 1644 ·
197 1611 242 1662 τοῦ
255 1604 366 1682 βάθρου,
381 1601 500 1680 καθάπερ
512 1597 636 1678 πρότερον
649 1595 748 1676 ἵδρυτο.
762 1595 860 1674 Διόπερ
874 1596 901 1664 ίξ
915 1595 982 1654 iasi-
1027 1601 1172 1682 {perpetra
1180 1597 1326 1676 εἰθισμένας
1333 1597 1515 1678 στεφανώσεις,
1526 1597 1651 1668 alteim
1662 1599 1730 1660 κατὰ
1736 1603 1808 1674 πλῆ-

198 1713 242 1748 νου
258 1692 315 1748 καθ’
330 1687 439 1748 ἕκαστον
454 1686 509 1754 ἔτος
521 1685 725 1762 ἀποκομίζεσθαι
739 1681 769 1742 τδ
782 1682 876 1762 βρέτας
890 1684 925 1748 είς
934 1680 982 1752 τὴν
1021 1696 1068 1764 Ιθος
1081 1693 1196 1768 χρῆσθαι
1208 1685 1255 1764 μὲν
1269 1691 1302 1765 τῇ
1314 1684 1400 1766 λόγῳ,
1409 1693 1462 1752 τοῖς
1476 1685 1504 1744 δὲ
1515 1685 1685 1766 &pompm
1694 1687 1742 1759 τὴν
1751 1689 1808 1748 γὼ,

198 1777 273 1848 ἠιόνα
288 1777 332 1837 καὶ
345 1777 513 1858 ἀφανίζεσθαι
523 1819 530 1848 ,
542 1771 641 1856 ψαιστά
656 1795 684 1830 τε
700 1774 770 1852 aiat}
783 1768 981 1849 παρατίθεσθαι·
1028 1779 1260 1858 ἐπιτρέψαιροριῖν
1270 1771 1314 1833 τὸν
1326 1773 1372 1833 καὶ
1382 1777 1427 1832 νῦν
1441 1772 1480 1834 1ης
1493 1773 1649 1851 διαμένοντα
1657 1775 1809 1859 &adme

198 1863 244 1921 καί
258 1866 394 1922 καλεῖσθαι
409 1863 495 1923 Τόνεα
509 1861 556 1931 τὴν
577 1857 677 1940 tupris,
690 1859 730 1916 ότι
744 1857 870 1924 συντόνως
883 1855 982 1926 συνέόη
1028 1864 1164 1946 στέφανον,
1597 1899 1604 1918 ,

199 1953 395 2029 περιειληθῆναι
411 1949 441 2008 τδ
461 1948 554 2028 βρέτας
572 1947 622 2006 ὑπὸ
635 1950 687 2005 τῶν
701 1945 749 2018 τὴν
770 1943 877 2026 πρώτην
900 1947 980 2003 αὐτοῦ
1069 1972 1105 2014 1³·
1116 1978 1127 2004 ι
1138 1947 1349 2028 Μνημονεύεινδ
1359 1947 1749 2024 έοικενέπίποσόντεῆςκατθ
1759 1950 1808 2026 τὴν

198 2038 305 2109 (tirum
319 2035 516 2114 ποιησαμένων·
1029 2039 1107 2118 λόγον
1119 2037 1304 2114 στεφανώσεως
1314 2036 1360 2096 καί
1371 2035 1537 2111 Νικαίνετος,
1547 2041 1563 2096 ό
1574 2039 1707 2115 έπσποεδς,
1719 2043 1745 2099 ἐν
1755 2049 1811 2108 τοῖς

242 2143 275 2180 ra.
288 2151 300 2175 ι
313 2121 467 2202 Ἱστορεῖται
477 2121 501 2180 δ’
516 2123 559 2178 ὑπ’
572 2120 649 2179 αὐτόν
662 2121 759 2179 ἐκεῖνον
773 2117 818 2177 τὸν
827 2116 920 2198 χρόνον
930 2120 982 2175 τῶν
993 2145 998 2148 ·
1029 2127 1227 2208 ἐπιγράμμασι,
1235 2123 1346 2196 ποιητὴς
1354 2123 1480 2203 ὑπάρχων
1492 2125 1630 2206 ίπιχόιρεος
1639 2128 1684 2186 καί
1693 2128 1741 2200 τὴν
1749 2131 1811 2188 έπε-

200 2213 297 2290 Καρῶν
317 2209 505 2288 δεισιδαιμονίᾳ
526 2207 741 2288 περισχεθέντων,
754 2205 798 2266 tri
815 2205 846 2264 τὸ
862 2213 982 2282 μαντεῖον
1029 2215 1125 2297 χώρων
1136 2212 1252 2294 ἱστορίαν
1263 2210 1410 2290 ἠγαπηκὼς
1423 2213 1450 2272 ι,
1461 2211 1575 2274 „klock
1591 2215 1670 2294 Δίῃ,
1681 2217 1704 2274 δ’
1715 2215 1811 2284 ⁰5³⁹?

198 2303 245 2354 τοῦ
260 2302 318 2355 θεοῦ
330 2295 548 2376 παραγενομένων
560 2297 595 2361 είς
606 2293 711 2355 Ὕὸλαν
726 2293 772 2352 καί
782 2292 982 2368 πυνθανομένων
1013 2369 1017 2376 1
1086 2347 1093 2364 ‚
1404 2345 1409 2358 ,
1461 2343 1468 2358 ,
1571 2345 1578 2360 ,
1641 2347 1667 2366 .-

199 2383 259 2464 πιρλ
268 2389 319 2442 τῶν
331 2383 532 2460 ἀπηντημένων,
541 2381 663 2442 θεσπίσαι
672 2381 717 2440 τδν
729 2381 881 2442 Ἀπόλλωνα
891 2378 983 2450 ποινὴν
1019 2431 1022 2436 ,
1060 2344 1642 2478 owffltwgffiwfflm
1668 2352 1717 2410 ΕΜ

200 2471 293 2538 αὐτοὺς
308 2471 449 2529 ἀποδοῦναι
461 2493 493 2548 τη
512 2473 562 2552 θεῷ
577 2470 611 2528 δι’
627 2473 725 2528 ίαυτῶν
741 2468 857 2528 ἑκούσιον
871 2467 916 2526 καί
927 2489 981 2546 χω·
1058 2489 1134 2550 ’ΛΜ
1142 2503 1181 2550 μη,
1194 2487 1245 2545 tirsi
1257 2487 1298 2548 με,
1310 2487 1356 2536 ὑπὸ
1365 2486 1609 2550 πχευροςωκαμηνη.

201 2559 239 2638 ρλς
254 2559 395 2637 δυσχεροῦς
408 2566 557 2638 συμφορᾶς,
573 2557 606 2628 ἣν
624 2559 650 2614 έν
659 2557 712 2623 τοῖς
725 2555 870 2634 ἔμπροσθεν
882 2553 983 2634 χρόνοις
1090 2557 1167 2618 antur
1177 2557 1221 2619 γάρ
1232 2555 1354 2619 προμάλου
1363 2555 1454 2618 δέμνιον
1465 2555 1574 2616 lateatne

111 2651 117 2663 '
201 2644 433 2726 άφώρισενδΖεδς
450 2649 487 2725 τῷ
510 2645 647 2723 Προμηθεῖ
665 2643 743 2724 χάριν
761 2648 808 2713 τῆς
821 2644 921 2712 κλοπῆς
937 2645 982 2698 τοῦ
1058 2628 1300 2748 Μίὶλΰῖὓθνιθχκαῑῠγ
1313 2629 1501 2746 Κῦθῶνγῦῖέθθργ
1510 2627 1687 2690 'Mitem

200 2731 293 2812 πυρδς,
307 2731 388 2800 λιίσας
404 2730 481 2791 αὐτὸν
494 2733 584 2792 ἐκτῶν
599 2730 794 2811 χαλεπωτάτων
810 2731 925 2807 δεσμῶν·
939 2729 983 2786 καὶ
1090 2716 1151 2755 m
1163 2717 1202 2748 ’ω’
1238 2701 1467 2761 mmmm
1489 2715 1547 2760 Μ’

1059 2764 1156 2823 θυμῆρες
1165 2761 1281 2820 πίνοντες,
1294 2761 1357 2816 θπως
1369 2761 1422 2816 Διὸς
1432 2761 1515 2810 εὐκλέα
1521 2761 1611 2823 νύμφην

200 2817 267 2876 τίσιν
285 2819 400 2878 έκούσευν
415 2822 441 2879 ἐν
459 2818 558 2900 ἀλυπίᾳ
575 2818 697 2896 κειμένην
712 2819 800 2876 δοῦναι
812 2814 984 2887 θελήσαντος,
1091 2833 1224 2894 μέλπωμεν,
1233 2830 1306 2888 νήσου
1315 2828 1422 2878 δεσπότιν
1429 2831 1549 2892 ἡμετέρης.

201 3001 275 3048 opus;
292 3001 418 3051 quumque
434 2991 504 3051 porta
522 2987 632 3038 clausum
644 3000 693 3036 non
707 2989 769 3036 esset
786 2998 815 3035 ea
832 2987 905 3035 etate
923 2986 985 3033 tem·

202 3064 284 3126 plum,
295 3065 405 3127 protinus
419 3065 546 3114 abstulisse
562 3065 735 3124 simulacrum,
748 3065 773 3112 et
784 3061 815 3110 ad
824 3075 892 3111 mare
904 3065 984 3110 traus-

202 3145 324 3202 portatum
335 3141 431 3203 nauigio
441 3141 590 3202 imposuisse.
605 3139 652 3190 serl
667 3141 751 3190 solutis
764 3138 905 3188 mdeutllrus
918 3137 985 3186 lera-

201 3219 280 3281 tisque
289 3220 527 3279 ancoris,remorum
537 3232 633 3268 summo
643 3221 731 3266 conatu
740 3217 807 3266 abire
816 3229 864 3266 aon
873 3217 985 3278 potuisse

203 3299 287 3358 ltaque
297 3300 360 3344 retus
370 3296 453 3348 (lirino
463 3295 562 3350 numine
571 3295 618 3346 boc
629 3294 694 3366 fieri,
704 3293 860 3342 simulacrum
870 3292 986 3354 enarigio

203 3385 287 3420 rursus
307 3373 435 3432 extulisse,
454 3371 479 3420 in
497 3372 625 3441 littoreque
639 3370 790 3432 deposulsse;
811 3369 946 3430 oblatisque
963 3369 986 3418 ei

202 3449 270 3511 libis,
280 3453 346 3499 metu
356 3451 576 3512 perculsosalriisse.
590 3449 707 3506 Postridie
716 3461 787 3498 mane
796 3461 871 3511 quum
882 3445 985 3498 indicas·

202 3529 240 3576 set
258 3515 362 3576 admeta'
380 3527 506 3582 evanuisse
524 3527 695 3584 simulacrum,
717 3527 780 3574 lacta
799 3525 985 3587 perquisitione,

203 3607 324 3664 rupertum
337 3617 387 3652 esse
398 3603 422 3652 in
436 3603 528 3652 litorea
542 3603 705 3666 quaerentibus
722 3601 889 3668 :lrosautem,
903 3603 987 3664 utpote

204 3679 319 3728 barbaros
331 3681 419 3738 caros,
430 3680 494 3728 ultro
503 3680 622 3740 aufugisse
631 3679 790 3735 simulacrum
804 3679 942 3740 opinantes,
954 3678 986 3728 ad

204 3757 283 3806 salicis
295 3760 408 3806 truncum
425 3757 485 3806 illud
498 3758 618 3820 alligasse,
633 3759 658 3807 et
668 3757 778 3808 attractis
795 3757 918 3819 utrimque
935 3757 985 3805 lon·

204 3835 306 3895 pissimis
326 3834 399 3883 ramis
417 3835 523 3896 undique
538 3835 598 3884 illud
615 3835 821 3888 circumrolrisse.
859 3833 986 3884 Admetam

204 3925 262 3960 uero
274 3911 411 3973 expeditum
422 3911 524 3960 rincrrlis
533 3913 683 3974 puritioasse,
694 3913 752 3962 etin
761 3910 826 3973 basi,
838 3911 861 3960 iu
874 3924 922 3976 qua
931 3914 987 3960 ante

204 3987 311 4037 locatum
325 3989 416 4048 tuerat,
431 4001 513 4037 rursus
525 3990 682 4038 constituisse.
726 3992 810 4046 Quare
824 3987 855 4038 ab
872 3989 913 4037 illo
932 3987 986 4036 inde

203 4067 313 4126 tempore
325 4065 454 4127 quotannis
467 4069 619 4127 eoonspociu
630 4067 681 4116 tulli
693 4064 864 4126 simulacrum,
876 4067 901 4114 et
919 4064 943 4113 in
956 4065 983 4113 li·

204 4145 244 4192 tus
252 4143 337 4192 deterri
346 4180 353 4203 ,
361 4143 457 4206 libaque
464 4143 485 4192 ei
493 4144 580 4206 epponi
587 4161 595 4205 ς
602 4147 627 4194 et
639 4147 721 4194 Teneo
730 4146 811 4193 rocsrl
822 4143 880 4194 illud
889 4145 985 4206 testum,

205 4220 261 4282 qnia
270 4221 366 4270 intentis
373 4220 475 4269 vinculis
483 4220 622 4282 (συντόνως)
633 4221 790 4281 constrictum
798 4220 986 4274 lulssetsimula-

205 4309 273 4345 crum
281 4297 312 4346 ab
323 4297 370 4358 eis,
383 4297 425 4360 qui
435 4297 539 4358 primurn
552 4297 611 4346 illud
620 4297 787 4367 inuestigatum
797 4297 898 4350 inerant.

240 4383 276 4425 ιο.
296 4397 307 4420 ιι
329 4379 432 4426 Narrant
447 4389 518 4436 nero,
538 4376 584 4426 sub
602 4377 665 4426 idern
687 4381 783 4440 tempus
801 4381 887 4440 cures,
905 4376 986 4426 oblata

205 4452 291 4502 animis
304 4453 429 4516 religione,
442 4453 567 4502 oraculum
584 4453 622 4505 (lei
638 4453 724 4502 adiisse
739 4453 843 4515 llyblam
861 4468 867 4501 ι
886 4455 911 4502 et
927 4466 984 4501 con·

204 4529 339 4578 sulerrtibus
357 4529 387 4578 de
401 4531 506 4597 hisquae
521 4529 660 4580 acciderant
678 4529 826 4594 respondisse
837 4530 985 4594 Apollinem,

205 4617 300 4672 paenam
316 4604 368 4654 dem
380 4606 433 4668 illos
449 4607 506 4655 dare
517 4606 604 4656 debore
616 4610 701 4672 sponte
716 4619 759 4670 per
772 4621 813 4668 se,
823 4609 848 4656 et
860 4606 920 4665 citra
930 4619 986 4670 grs-

207 4685 300 4730 riorern
312 4683 471 4732 calamitatem
483 4721 489 4732 .
503 4686 599 4746 qualem
610 4699 706 4752 pinnam
720 4686 882 4749 superioribus
894 4687 987 4748 tempo

207 4759 273 4808 ritnrs
285 4761 394 4822 luppiter
413 4764 555 4812 Prometheo
572 4763 693 4814 statuisset
710 4767 808 4827 propter
821 4764 900 4828 ignens
922 4765 987 4820 turio

206 4839 327 4898 ablatum,
340 4853 415 4901 quum
428 4841 572 4901 gravissimis
582 4856 638 4891 eum
650 4841 752 4893 vinculis
764 4843 882 4894 solvisset.
902 4847 985 4904 Quum

205 4916 269 4964 enirn
279 4917 392 4966 uoluisset
399 4918 438 4967 ille
446 4917 631 4968 ultroleriorem
640 4919 747 4982 aliquam
755 4920 875 4983 suscipere
882 4933 985 4983 poenam,

182 4987 270 5047 Ιοίυιιιε·
289 4995 309 5043 ei
328 4995 466 5057 imposuisse
486 4997 565 5046 terunt
583 5011 722 5060 supremum
735 4999 816 5049 rleum.
838 5001 917 5062 Atque
930 4999 986 5048 iude

1030 2975 1102 3032 usum
1112 2993 1222 3042 comam,
1232 2980 1274 3043 qui
1282 2979 1427 3030 Prometheo
1436 2980 1514 3028 luerat
1523 2981 1647 3050 ostensus,
1657 2979 1736 3030 chillo
1744 2979 1813 3029 urna

1031 3060 1109 3110 multu
1121 3061 1174 3122 post
1191 3059 1220 3128 sd
1231 3059 1290 3108 allos
1305 3057 1377 3108 etlam
1391 3057 1513 3120 homines,
1529 3058 1612 3108 donati
1624 3059 1684 3121 ignis
1694 3058 1813 3108 bmetiaio

1030 3137 1061 3186 alr
1080 3137 1165 3186 eodem
1183 3137 1296 3196 allectos,
1310 3147 1423 3184 annasse.
1439 3137 1525 3198 ltaque
1540 3135 1613 3185 etiam
1627 3135 1728 3186 caribus
1737 3135 1813 3186 simili

1030 3216 1141 3266 instituto
1157 3213 1281 3264 mandarit
1295 3213 1368 3274 deus,
1380 3215 1410 3262 ut
1428 3213 1500 3263 vitice
1515 3227 1558 3277 pro
1573 3216 1744 3266 commmenlu
1756 3217 1812 3264 ute·

1031 3299 1125 3354 rentur,
1135 3295 1160 3342 et
1171 3291 1250 3354 capita
1265 3303 1307 3340 aua
1324 3291 1397 3338 ramis
1413 3290 1503 3340 eisdem
1519 3291 1708 3354 obstringerent,
1722 3291 1814 3354 qurtrus

1032 3373 1076 3435 ipsi
1092 3371 1162 3420 deam
1181 3371 1347 3420 revinxissent.
1367 3369 1426 3420 aliis
1440 3373 1522 3419 autem
1540 3370 1652 3420 omuibus
1665 3383 1813 3420 comparum

1030 3447 1156 3512 generibus
1166 3447 1285 3498 abstinere
1297 3460 1339 3496 eos
1351 3447 1434 3510 jussit,
1456 3450 1558 3510 excepta
1577 3448 1667 3498 laurea.
1700 3431 1771 3498 llan'c
1789 3461 1815 3498 se

1031 3528 1109 3590 ipsum
1130 3526 1192 3576 dixit
1205 3526 1261 3576 solis
1279 3526 1316 3575 iria
1334 3527 1376 3589 qul
1390 3525 1441 3576 deso
1455 3527 1617 3576 ministrarent
1637 3532 1755 3590 tanquam
1771 3527 1813 3595 ilo·

1031 3620 1091 3656 num
1113 3606 1226 3655 tribuere.
1250 3605 1298 3663 Qui
1322 3605 1457 3667 paruissent
1478 3606 1570 3654 oraculi
1595 3619 1724 3669 reqionso,
1746 3609 1772 3656 et
1789 3607 1814 3655 in

1032 3685 1149 3735 conviviis
1168 3685 1467 3746 convenientem-presan
1486 3684 1538 3734 dere
1556 3684 1636 3734 daturi
1658 3687 1753 3745 emeat,
1768 3685 1814 3734 lios

1032 3765 1112 3814 salam
1122 3767 1147 3814 et
1158 3775 1230 3814 aoxm
1243 3765 1353 3826 expertes
1362 3765 1422 3813 tore.
1436 3765 1521 3826 ltaque
1529 3767 1616 3826 caras,
1628 3777 1722 3814 morem
1730 3776 1816 3826 gerere

1031 3843 1139 3892 volentes
1147 3841 1260 3902 oraculo,
1270 3841 1363 3890 omissis
1371 3839 1424 3890 aliis
1434 3845 1660 3891 coronamentorum
1672 3842 1815 3904 ςαεεείίνιιε,

1031 3931 1088 3981 quaa
1106 3921 1162 3968 ante
1175 3919 1201 3967 iu
1221 3931 1265 3969 usu
1283 3917 1485 3978 tuissent,.ritioe
1500 3919 1573 3980 vulgo
1592 3931 1677 3968 omnes
1689 3919 1741 3980 uti,
1762 3919 1817 3970 clere

1032 3996 1146 4045 ministris
1163 3995 1329 4058 permittentes
1348 3995 1455 4045 lsurmm
1478 3999 1570 4058 gestare
1589 4009 1717 4059 eoronam,
1744 3995 1817 4058 colus

1030 4072 1138 4134 gestandi
1150 4085 1203 4122 mos
1213 4072 1346 4122 etiarunum
1357 4071 1436 4122 durat

1066 4155 1101 4202 tt.
1115 4169 1127 4200 ι
1142 4150 1243 4200 videtur
1260 4153 1342 4200 autem
1358 4153 1523 4202 oomnsmerrti
1541 4164 1573 4201 ea
1590 4151 1664 4201 vitice
1676 4152 1818 4203 meminisse

1031 4228 1183 4291 aliquatenus
1193 4227 1266 4278 etiam
1276 4227 1421 4290 Nicaeaetus,
1433 4230 1514 4290 epicos
1522 4231 1606 4291 poeta,
1618 4229 1694 4290 patria
1705 4230 1814 4290 samius,

1031 4303 1056 4352 in
1075 4303 1306 4365 Epigrammattbus,
1324 4305 1350 4352 et
1366 4303 1481 4359 attactum
1496 4316 1569 4353 suum
1580 4302 1695 4354 adversm
1710 4306 1817 4367 patriam

1032 4381 1154 4442 historiam
1166 4383 1302 4446 trequentes
1317 4380 1450 4432 εἱστίασειιε.
1467 4382 1542 4443 cuim
1557 4382 1583 4431 lii
1597 4386 1655 4432 sunt
1670 4395 1756 4435 versus
1776 4403 1783 4434 r

1084 4527 1155 4578 tiolo,
1166 4527 1308 4578 nittottrere,
1321 4529 1344 4570 tn
1355 4527 1427 4578 urbe,
1437 4526 1476 4571 sed
1489 4526 1514 4571 in
1525 4537 1581 4582 agro

1109 4595 1213 4656 epruarir
1227 4595 1322 4652 zephyri
1336 4593 1506 4650 aumqeleotor.

1054 4687 1058 4694 ·
1084 4661 1171 4707 suflicit
1180 4662 1234 4706 mlirt
1244 4663 1307 4707 lruml
1316 4665 1398 4718 stratas
1406 4663 1448 4720 suli
1459 4663 1564 4708 lateribus
1573 4666 1637 4708 torus
1647 4679 1653 4714 t

1110 4730 1133 4774 la
1148 4733 1300 4787 promptrr·est
1314 4731 1374 4774 enirn
1388 4731 1494 4784 lnrltqena
1507 4742 1535 4788 eq
1549 4732 1629 4775 tamari
1643 4731 1727 4784 lectas.

1084 4793 1191 4852 etrltex',
1201 4798 1300 4854 priscam
1309 4801 1392 4842 οεπιοε
1401 4803 1597 4844 coronamentum.
1610 4797 1756 4846 seruentur

1111 4870 1201 4918 riuum.
1214 4872 1237 4913 et
1250 4871 1364 4914 timaeum
1377 4869 1477 4914 aramius
1490 4869 1539 4924 trra
1553 4885 1559 4912 r

1084 4939 1129 4984 lorti
1142 4943 1246 4994 potantes
1255 4943 1280 4988 at
1293 4941 1357 4986 Joris
1366 4940 1588 4996 inclytamsponsara

1111 5019 1226 5060 canamus,
1237 5008 1314 5054 insule
1321 5009 1435 5054 (luminam
1445 5013 1534 5060 nostre.
