3972 5728
354 301 991 439 ATHENODORUS
1034 297 1504 436 TARSENSIS.

718 597 1129 649 -ψ-

177 815 376 872 Athenodorus
388 818 533 870 Tarsenses
546 818 674 872 novimus
688 815 775 884 duos,
789 833 911 890 quorum
958 815 1100 894 Ταρσεῦσι,
1112 809 1176 872 ὥστ’
1185 811 1325 878 ἀπαύστως
1335 811 1480 891 σχεδιάζειν
1491 811 1562 891 παρά
1572 816 1664 890 χρῆμα
1675 811 1738 890 πρὸς

134 917 256 978 uterque
271 905 406 979 insignem
421 905 494 959 inter
508 905 611 959 εῑοῖοοε
622 904 806 978 philosophos
818 906 912 960 locum
959 900 1007 972 τὴν
1027 900 1167 978 δεδομένην
1188 900 1318 971 ὑπόθεσιν,
1339 899 1384 956 καί
1406 900 1438 970 δὴ
1463 897 1508 957 καί
1529 899 1738 978 γυμνασιαρχίαι

135 993 235 1050 tenuit.
245 993 334 1059 Alter,
349 993 395 1046 cui
408 1011 566 1064 cognomen
580 991 746 1064 Cordylioni
762 991 799 1070 (r)
810 1033 818 1062 ‚
829 1010 912 1048 senex
959 989 1138 1068 ὑποσχόμενος
1151 989 1285 1067 Ταρσεῦσι
1295 991 1385 1045 τοῦτον
1400 984 1456 1044 άντλ
1474 985 1672 1066 γυμνασιάρχου
1684 1011 1734 1044 κα-

135 1079 247 1134 virebat
257 1079 400 1152 Pergami,
412 1077 590 1134 bibliothecae
600 1079 746 1153 praeseclus
759 1077 814 1155 (n),
826 1069 913 1153 usq'ue
965 1076 1085 1148 τέστησε,
1098 1074 1144 1134 καῖ
1158 1073 1191 1134 τά
1206 1073 1368 1152 ἀναλώματα
1382 1073 1531 1133 ἐπίστευσεν
1546 1075 1629 1154 αύτῷ.
1646 1073 1736 1154 Ἐφαν-

135 1165 204 1220 dnm
225 1167 293 1222 Cato
308 1167 403 1220 minor
419 1184 435 1222 e
448 1167 630 1236 Macedonio,
652 1167 702 1221 ubi
718 1167 840 1222 militans
853 1177 912 1223 turn
962 1163 1027 1242 ράθη
1041 1161 1068 1222 δέ
1080 1163 1267 1242 νοσφισάμενος
1277 1161 1310 1220 τά
1325 1185 1353 1220 τε
1366 1159 1435 1220 άλλα
1449 1159 1494 1219 καί
1514 1157 1649 1220 τοῦλαιον·
1663 1163 1739 1238 ἐλεγ-

135 1253 313 1322 subsistebat,
327 1254 494 1328 Pergamum
516 1264 687 1310 transvectus
707 1254 839 1327 precibus
859 1257 914 1311 suis
959 1251 1067 1330 χόμενος
1083 1254 1106 1310 δ’
1128 1251 1178 1310 ὑπό
1200 1256 1251 1310 τῶν
1271 1251 1424 1330 κατηγόρων
1447 1249 1490 1308 ἐπί
1513 1255 1557 1308 τοῦ
1583 1249 1734 1324 Ἀντωνίου,

134 1339 336 1413 philosophum
358 1342 558 1414 permovisset,
581 1350 612 1396 ut
625 1343 745 1396 Romam
769 1361 833 1396 curn
854 1344 914 1415 ipso
961 1345 1103 1418 παρῃτεῖτο
1115 1339 1162 1412 τὴν
1177 1337 1256 1420 όργὴν
1269 1337 1316 1397 σύν
1328 1339 1415 1404 άλλοις
1431 1337 1573 1396 καὶταῦτα
1588 1333 1680 1412 λε’γων,
1699 1335 1738 1394 ότι

136 1429 228 1482 obiret
247 1425 297 1500 (3).
315 1427 400 1500 Apud
420 1428 554 1484 Catonem
568 1427 671 1483 deinde
686 1429 722 1484 ud
736 1429 812 1484 diem
826 1448 915 1502 usque
959 1425 1066 1506 Ὥσπερ
1077 1426 1198 1508 Ὅμηρος
1209 1425 1351 1504 ἐξύμνησεν
1367 1424 1487 1505 Ἀχιλλέα
1502 1423 1546 1483 καί
1559 1421 1740 1501 Ἀγαμέμνονα

136 1533 302 1587 supremum
316 1526 439 1570 versatus
452 1525 502 1570 est.

177 1603 255 1657 Airer
276 1602 478 1656 Athenodorus
496 1601 634 1657 Sandonis
658 1601 747 1678 filius,
771 1603 914 1658 Posidonii

136 1689 242 1746 Rhodii
269 1689 437 1762 discipulus,
458 1691 615 1762 Apolloniae
636 1692 709 1745 inrer
732 1701 916 1765 praeceptores

137 1778 254 1850 Αιιμιιεῑί
274 1775 403 1844 Caesaris,
425 1795 489 1832 cum
508 1795 566 1849 quo
586 1779 704 1834 Romam
728 1777 831 1833 deinde
845 1797 914 1852 pro-

136 1866 226 1918 fectus
237 1873 287 1918 est.
301 1866 343 1918 De
357 1881 392 1918 eo
416 1864 496 1918 locus
514 1865 642 1920 classicus
661 1865 737 1938 apud
749 1865 915 1926 Strabonem

136 1953 215 2020 XIV,
234 1970 265 2026 p.
285 1949 366 2021 675:
387 1947 555 2027 Ἀθηνόδωροι
573 1947 635 2007 δύο·
649 1941 685 2008 ὧν
704 1947 793 2026 όμέν,
815 1951 915 2030 Κορδυ-

136 2036 199 2094 λίων
219 2033 410 2113 καλούμενος...
429 2039 443 2094 ὁ
461 2034 489 2094 δέ
507 2041 553 2096 τοῦ
574 2035 725 2110 Σάνδωνος,
745 2036 773 2095 όν
795 2039 838 2096 καῖ
861 2042 914 2098 Ιία·

136 2125 242 2194 νανίτην
259 2123 337 2204 φασίν
355 2124 410 2182 άπδ
430 2123 521 2201 κώμης
540 2123 622 2200 τινός,
648 2125 780 2204 Καίσαρος
798 2125 913 2203 καθηγή·

138 2235 219 2285 σατο,
232 2211 277 2270 καί
291 2217 370 2289 τιμῆς
379 2212 455 2291 ἐτυχε
468 2211 599 2290 μεγάλης·
613 2210 710 2272 κατιών
722 2237 751 2272 τε
765 2215 800 2280 είς
810 2213 857 2286 τὴν
869 2236 916 2270 πα·
942 2277 943 2280 γ

137 2301 213 2378 τρίδα
221 2299 273 2372 ἤδη
279 2299 396 2378 γηραιός,
403 2299 530 2359 κατέλυσε
539 2297 585 2370 riv
593 2303 761 2358 καθεστῶσαν
771 2299 916 2372 πολιτείαν,

138 2389 226 2452 κακῶς
236 2387 380 2466 φερομένην
392 2385 442 2444 ίιπό
452 2407 479 2443 τε
491 2385 577 2443 ἄλλων
588 2385 632 2443 καί
647 2389 762 2457 Βοηθοῦ,
773 2391 856 2444 κακοῦ
870 2387 916 2462 μὲν

137 2479 261 2545 ποιητοῦ,
271 2478 352 2532 κακοῦ
366 2472 393 2531 δέ
406 2473 528 2545 πολίτου,
541 2473 713 2548 δημοκοπίαις
725 2473 878 2552 ἰσχύσαντος
890 2473 918 2532 τό

137 2561 227 2618 πλέον.
270 2560 374 2639 Ἐπῆρε
388 2562 411 2618 δ’
436 2561 513 2618 αὐτὸν
534 2560 578 2617 καί
599 2559 745 2633 Ἀντώνιος,
761 2559 820 2618 κατ’
835 2559 918 2638 ἀρχάς

139 2646 467 2726 άποδεξάμενοςτδγραφέν
474 2649 509 2712 είς
518 2645 565 2716 τὴν
575 2650 601 2705 ἐν
610 2646 755 2713 Φιλίπποις
765 2647 837 2718 νίκην
846 2647 916 2713 ἐπος·

139 2736 184 2793 καί
198 2734 237 2793 ἐτι
256 2736 356 2812 μᾶλλον
374 2739 391 2806 ἡ
405 2733 523 2814 εὐχέρεια
535 2738 552 2804 ἡ
568 2735 760 2802 ἐπιπολάζουσα
772 2733 844 2814 παρά
865 2734 918 2802 τοῖς

172 2953 207 3014 (l)
222 2951 308 3002 senno
318 2953 384 3012 XIV,
397 2963 420 3013 p.
434 2955 480 3000 ⁶7⁵
492 2949 592 3013 τἌνδρες
601 2950 622 2999 δ’
632 2950 702 3008 αὐτῆς
711 2951 720 3012 (
728 2963 760 3003 se.
775 2951 802 2999 ἐκ
810 2951 918 3014 Trisson)

140 3021 249 3086 γεγόνασι
263 3025 310 3069 τῶν
323 3022 363 3082 μέν
373 3025 481 3069 στωικῶν
490 3019 635 3082 Ἀντίπατρός
645 3036 671 3069 τε
682 3021 722 3068 καὶ
734 3021 870 3083 Ἀρχέδημος
878 3025 918 3070 καὶ

139 3091 253 3153 Νέστωρ·
268 3091 301 3139 ἐτι
312 3091 332 3138 δ’
346 3089 557 3153 Ἀθηνόδωροιδύο,
572 3089 604 3138 ών
618 3091 632 3137 ό
644 3091 685 3152 μὲν
696 3089 863 3153 Κορδυλίων
875 3107 917 3139 κα-

140 3161 264 3220 λούμενος,
272 3159 398 3209 σννεόῖωσε
406 3160 494 3224 Μάρκῳ
505 3159 607 3220 Κάτωνι,
615 3162 655 3208 καὶ
664 3162 758 3223 τελευτᾷ
765 3159 819 3223 παρ’
829 3161 918 3223 ἐκείνῳ,

140 3229 189 3278 ὁδὶ
200 3233 242 3278 τοῦ
251 3229 381 3289 Σάνδωνος,
391 3231 441 3278 κτλ.

171 3299 322 3360 Gordyiionis
329 3300 512 3362 cognomentum
520 3300 613 3361 egregie
623 3301 720 3360 Ηεείυε,
732 3313 755 3349 r.
764 3301 806 3360 ολ,
817 3303 920 3352 restituit

139 3369 330 3429 grammaticum
342 3370 449 3420 Ommeri
459 3369 547 3418 Aneed.
561 3369 659 3421 Parisin.
672 3373 730 3434 Ι,ρ.
744 3377 778 3432 16,
792 3373 918 3424 unisono·

140 3439 202 3488 dicis
210 3451 292 3488 runem
300 3441 438 3501 eormplum
446 3440 560 3503 Κογκύλῳ
567 3439 788 3502 ειεαειςαοκίιῖίιείι...
795 3443 918 3508 νοδώρω...

143 3510 184 3565 λην
194 3523 254 3572 κορ..
264 3507 342 3568 λίωνι,
351 3508 366 3557 i.
378 3521 400 3558 e.
414 3509 559 3572 Ἀθηνοδώρῳ
572 3509 667 3568 ἐπίκλην
677 3511 826 3574 ΚορδυλίωνιΙ

173 3579 206 3638 (7)
216 3577 312 3639 Diogen.
324 3579 351 3626 L.
359 3581 427 3637 vul,
438 3582 468 3627 θί
481 3597 487 3628 ι
497 3579 627 3642 (Ἰσίδωρος
637 3583 650 3628 ό
661 3583 822 3644 Περγαμηνός)
832 3583 919 3645 ἐκτμη-

141 3646 209 3704 θῆναί
220 3663 289 3708 φησιν
305 3647 331 3696 ἐκ
348 3653 394 3696 τῶν
411 3649 505 3712 βιῦλίων
521 3650 550 3698 τὰ
568 3657 646 3706 κακῶς
662 3653 774 3714 λεγόμενα
791 3655 854 3717 παρὰ
873 3661 920 3710 τοῖς

142 3719 254 3774 Στωικοῖς
263 3717 303 3766 ὑπ’
315 3717 469 3780 Ἀθηνοδώρου
479 3723 521 3766 τοῦ
534 3722 652 3783 Στωικοῦ,
664 3723 823 3778 πιστευθέντος
838 3725 879 3782 τὴν
896 3725 920 3772 ἐν

142 3857 296 3918 Ἀθηνοδώρου
305 3858 345 3905 καὶ
355 3857 549 3914 κινδυνεύσαντος.

176 3929 211 3986 (τι)
227 3925 349 3974 Plutarch.
362 3929 414 3975 cst.
431 3939 464 3976 m.
479 3941 501 3976 ο.
516 3935 564 3978 10:
584 3929 713 3991 Πυθόμενος
730 3931 919 3997 θ’Ἆθηνόθωρον,

142 3998 183 4044 τόν
193 3996 372 4058 ἐπικαλούμενον
383 3998 539 4060 Κορδυλίωνα,
553 3999 654 4062 μεγάλην
664 4001 708 4057 ἐξιν
718 4002 798 4058 ἐντοῖς
810 4005 921 4062 Στωικοῖς

144 4067 221 4127 λόγοις
233 4065 330 4128 έχοντα,
347 4067 470 4130 διατρίθειν
485 4071 536 4132 περί
547 4071 678 4132 Πέργαμον,
690 4073 734 4129 ἤδη
743 4075 837 4135 γηραιόν
849 4074 920 4138 ὄντα,

144 4137 184 4186 καί
198 4135 285 4192 πάσαις
303 4138 490 4199 ἐρρωμενέστατα
504 4143 554 4194 ταῖς
569 4142 716 4201 ἡγεμονικαῖς
732 4143 772 4190 καί
791 4143 921 4204 βασιλικαῖς

144 4207 274 4264 συνηθείαις
281 4209 320 4254 καί
327 4207 410 4268 φιλίαις
418 4209 628 4270 διαμεμαχημένον,
637 4211 701 4259 οὐδὲν
710 4211 769 4273 ᾤετο
778 4213 875 4274 πέμπων
881 4216 921 4264 καὶ

144 4276 239 4338 γράφων
247 4276 361 4336 περαίνειν
370 4279 426 4340 πρὸς
435 4279 512 4336 αὐτόν,
522 4279 571 4326 ἀλλ’
582 4279 643 4342 ἐχειν
652 4280 715 4342 παρὰ
726 4286 767 4328 τοῦ
776 4283 848 4344 νόμον
860 4285 922 4332 δεδο-

146 4348 217 4406 μένην
228 4346 359 4408 ἀποδημίαν
370 4347 430 4396 δυεῖν
443 4355 530 4410 μηνῶν,
541 4349 649 4398 ἐπλευσεν
660 4351 692 4406 είς
702 4351 744 4408 τὴν
752 4351 829 4400 Ἀσίαν
836 4354 873 4402 ἐπί
883 4355 922 4404 τόν

146 4417 231 4477 ἄνδρα,
241 4417 356 4464 πιστεύων
364 4421 412 4471 τοίς
424 4417 447 4465 ἐν
456 4420 520 4479 αὐτῷ
529 4421 608 4476 καλοῖς
616 4421 648 4482 μὴ
658 4419 782 4482 ἀτυχήσειν
792 4427 833 4480 τῆς
844 4423 922 4486 ἄγρας.

148 4484 316 4546 Συγγενόμενος
325 4485 350 4533 δέ
359 4487 399 4536 καὶ
411 4487 626 4550 καταγωνισάμενος
639 4491 678 4538 καί
691 4492 836 4552 μεταστήσας
846 4493 872 4540 ἐκ
882 4499 923 4552 τῆς

145 4555 302 4616 προαιρέσεως
316 4555 395 4614 αὐτόν,
407 4555 462 4615 ἧκεν
472 4557 537 4617 ἇγων
548 4559 580 4614 είς
590 4559 617 4608 τό
626 4559 789 4622 στρατόπεδον,
800 4566 922 4624 περιχαρὴς

146 4625 188 4670 καί
205 4624 389 4685 μεγαλοφρονῶν,
401 4627 432 4680 ώς
441 4641 462 4673 τι
474 4627 595 4675 κάλλιστον
603 4630 707 4690 ᾑρηκὼς,
717 4631 757 4678 καὶ
766 4631 923 4694 λαμπρότερον

147 4693 182 4740 ὧν
197 4693 318 4754 Πομπήϊος
329 4693 381 4742 τότε
392 4696 431 4742 καί
443 4696 571 4752 Λεύκολλος
583 4699 652 4746 ἐθνῶν
663 4701 702 4747 καὶ
720 4701 844 4760 βασιλειῶν
856 4717 922 4751 κατε·

148 4763 272 4824 στρέφοντα
279 4763 321 4810 σὺν
326 4763 403 4819 ὅπλοις
411 4765 541 4826 περιιόντες.
551 4768 683 4816 Guionisud
693 4770 870 4819 Athenodorum
879 4773 924 4822 iter

150 4836 267 4882 εειειιιιοτιιί
278 4833 350 4882 utinm
360 4833 383 4882 in
395 4835 474 4883 Mornl.
489 4848 512 4895 ρ.
526 4841 571 4886 777
585 4843 623 4898 (ρ.
634 4843 679 4886 νιν
691 4839 729 4886 αλ.
746 4840 823 4898 nid).

183 4901 248 4949 idem
266 4902 298 4950 in.
310 4915 331 4950 c.
352 4911 378 4950 177
399 4903 542 4952 Ἐπανελθὼν
559 4905 581 4952 θ’
596 4907 627 4960 εῖς
643 4907 734 4966 Ῥώμην
747 4909 785 4956 τόν
800 4911 840 4968 μὲν
856 4909 923 4958 ἄλλον

150 4970 233 5032 χρόνον
245 4971 296 5020 κατ’
308 4971 372 5020 οἷκον
383 4971 528 5034 Ἀθηνοδώρῳ
539 4976 553 5030 ἡ
568 4991 611 5022 κατ
638 4975 723 5036 ἀγοράν
735 4983 780 5031 τοῖς
794 4979 863 5034 φίλοις
877 4995 922 5026 πα·

56 5080 64 5093 ,
150 5040 285 5104 ριστάμενος
298 5043 415 5090 διετέλεσε.
426 5045 463 5091 Cf.
480 5043 569 5091 Plinius
580 5047 606 5092 u.
620 5048 646 5093 Ν,
660 5049 715 5104 ῖἸΙ,
727 5054 763 5094 uu.

961 1513 1006 1572 καί
1018 1513 1164 1588 Ὀδυσσέα,
1186 1513 1267 1580 ούτως
1283 1513 1334 1590 ἐγώ
1354 1536 1395 1572 σι·
1418 1515 1447 1571 οὐ
1463 1511 1560 1578 δίκαιος
1580 1505 1624 1568 οὖν
1638 1514 1691 1588 είμι
1706 1514 1742 1578 εἷς

961 1601 1081 1668 τοιαύτας
1093 1599 1202 1680 άγεσθαι
1213 1600 1338 1670 διαόολάς
1352 1601 1393 1658 ἐπὶ
1408 1605 1466 1662 σοῦ.
1512 1597 1681 1679 Παραλαῦών
1696 1590 1740 1658 οῦν

961 1687 1123 1769 όκατόγορος
1134 1687 1277 1768 τὸνλόγον·
1289 1688 1359 1748 Ἀλλ’
1369 1687 1490 1766 Ὅμηρος
1500 1685 1562 1763 μέν,
1575 1686 1625 1766 ἔφη
1635 1731 1643 1762 ,
1655 1686 1740 1745 ἔλαιον

961 1775 1008 1850 μέν
1024 1775 1213 1854 Ἀγαμέμνονος
1227 1779 1274 1836 ούκ
1295 1777 1415 1856 ἔκλεψεν,
1438 1776 1496 1833 ἀλλ’
1510 1772 1569 1832 οὖδέ
1585 1772 1740 1850 Ἀχιλλέως·

962 1861 993 1920 σὺ
1007 1863 1052 1922 δέ·
1067 1859 1134 1922 ώστε
1150 1861 1241 1929 δώσεις
1258 1863 1343 1934 δίκην.
1363 1868 1431 1923 Διακ
1462 1861 1589 1938 υσάμενος
1604 1861 1626 1918 δ’
1640 1852 1683 1920 σύν
1699 1867 1740 1920 θε-

963 1949 1082 2026 ραπείαις
1096 1947 1149 2008 τισί
1161 1948 1208 2019 τλν
1223 1947 1313 2028 ὀργὴν,
1336 1949 1409 2008 ούδίν
1421 1885 1498 2020 idios
1514 1947 1655 2006 διετέλεσεν
1669 1946 1741 2024 άγιιιι

962 2037 1007 2094 καί
1019 2036 1103 2118 φέρων
1118 2036 1166 2107 την
1176 2036 1251 2096 πόλιν
1271 2035 1351 2118 μέχρι
1364 2041 1411 2108 τῆς
1424 2040 1606 2116 καταστροφῆς
1618 2040 1663 2094 τοῦ
1679 2036 1740 2095 Ἀν-

962 2123 1064 2182 τωνίου.
1081 2125 1107 2183 Τ
1108 2123 1214 2194 οιαύτην
1235 2123 1262 2182 δέ
1276 2123 1324 2194 τὴν
1338 2125 1413 2184 πόλιν
1435 2121 1593 2182 καταλαόὼν
1608 2125 1621 2180 ό
1635 2122 1741 2196 Ἀθηνό-

962 2212 1041 2289 δυιρος
1048 2257 1056 2283 ,
1067 2207 1192 2286 τίως’μέν
1207 2209 1335 2290 ἐπεχείρει
1346 2209 1417 2288 λόγῳ
1431 2209 1553 2286 μετάγειν
1564 2209 1683 2267 κάκεῖνον
1696 2211 1740 2266 καὶ

961 2294 1018 2362 τοῦς
1030 2297 1239 2376 συστρατιώτας·
1253 2299 1288 2364 ὡς
1302 2298 1325 2358 δ’
1340 2298 1387 2356 οὐκ
1398 2295 1537 2374 ἀπείχοντο
1552 2293 1651 2375 ύθρεως
1665 2297 1739 2354 οῦδε-

963 2391 1037 2460 μιᾶς,
1050 2383 1224 2462 ἐχρήσατοτῇ
1239 2383 1340 2462 δοθείση
1353 2382 1403 2442 θπθ
1414 2387 1459 2441 τοῦ
1476 2382 1608 2460 Καίσαρος
1622 2381 1739 2463 ἐξουσίᾳ,

963 2470 1008 2528 καί
1021 2469 1141 2539 ἐξάόαλεν
1156 2468 1263 2544 αύτούς,
1278 2468 1422 2548 καταγνούς
1436 2469 1529 2550 φυγήν.
1545 2473 1581 2530 Oi
1595 2468 1623 2529 δέ
1637 2475 1740 2550 πρῶτον

963 2563 1009 2634 μέν
1021 2556 1295 2638 κατετοιχογράφησαν
1309 2559 1389 2616 αὐτοῦ
1399 2561 1522 2622 τοιαῦτα·
1559 2623 1563 2630 ,

1023 2659 1098 2723 Ἔργα
1106 2661 1174 2720 νέων,
1185 2661 1266 2722 βουλαί
1276 2661 1301 2710 δέ
1310 2661 1398 2724 μέσων,
1407 2661 1490 2722 medei
1500 2661 1524 2710 δέ
1535 2660 1659 2723 γερόντων.

963 2745 1040 2808 Ἐπεί
1055 2748 1078 2804 δ’
1091 2749 1187 2813 ἐκεῖνος
1204 2749 1231 2806 ἐν
1250 2748 1355 2811 παιδιᾶς
1371 2747 1444 2825 μίρει
1460 2746 1609 2820 δεξάμενος,
1621 2747 1739 2808 ἐκέλευσε

964 2833 1176 2912 παρεπιγράψαι,
1191 2868 1229 2878 -
1239 2833 1344 2912 βρονταί
1357 2833 1384 2891 δέ
1394 2834 1527 2912 γερόντων·
1542 2834 1741 2914 καταφρονήσας

965 2921 993 2978 δι’
1006 2944 1043 2986 τις
1057 2925 1102 2978 τοῦ
1115 2924 1258 2997 ἐπιεικοῦς,
1269 2919 1373 2978 εὔλυτον
1387 2921 1417 2978 τό
1430 2921 1551 2978 κοιλίδιον
1564 2920 1643 2997 ἔχων,
1655 2945 1741 2998 προσ-

966 3007 1056 3086 ἔρρανε
1077 3006 1141 3066 πολὺ
1161 3031 1193 3085 τη
1209 3006 1274 3086 θύρφ
1295 3008 1340 3064 καὶ
1360 3009 1398 3086 τῷ
1418 3007 1511 3086 τοίχῳ,
1524 3007 1625 3085 νύκτωρ
1640 3007 1741 3085 παριών

972 3093 1021 3165 τὴν
1031 3093 1122 3152 οἰκίαν.
1136 3093 1171 3154 Ὁ
1183 3094 1210 3152 δέ
1221 3097 1267 3164 τῆς
1278 3093 1392 3160 στάσεως
1404 3097 1555 3172 κατηγορῶν
1566 3097 1593 3152 ἐν
1603 3095 1742 3174 ἐκκλησίᾳ,
1764 3089 1767 3096 ’

964 3177 1010 3250 riv
1030 3179 1104 3238 νόσον
1120 3185 1165 3250 τῆς
1179 3181 1292 3252 πολεως,
1307 3179 1370 3257 ἔφη,
1384 3179 1429 3239 καὶ
1442 3181 1489 3249 τὴν
1504 3180 1626 3258 καχεξίαν
1638 3183 1740 3242 πολλα-

964 3267 1039 3346 χόθεν
1050 3276 1155 3326 σκοπεῖν
1165 3265 1256 3339 ἔξεστι,
1267 3267 1311 3326 καί
1321 3267 1353 3336 δὴ
1364 3267 1408 3324 καλ
1419 3267 1447 3325 ἐκ
1454 3272 1505 3329 τῶν
1515 3269 1736 3348 διαχωρημάτων,

964 3345 1044 3413 Ούτοι
1055 3353 1102 3430 μὲν
1116 3353 1333 3434 Στωικολάνδρες.
1344 3351 1534 3429 Ἀκαδημαϊκός
1545 3355 1572 3412 δὲ
1586 3354 1695 3435 Νέστωρ
1704 3356 1740 3435 (⁸)

964 3441 1047 3500 όκαθ’
1059 3445 1145 3516 ἡμᾶς,
1157 3443 1170 3498 ό
1182 3442 1335 3518 Μαρκέλλου
1349 3441 1576 3520 καθηγησάμενος,
1590 3448 1633 3499 τοῦ
1645 3441 1743 3506 ’Oaros-

968 3525 1038 3604 ουίας
1059 3525 1163 3599 παιδός,
1186 3532 1232 3596 τῆς
1254 3525 1387 3606 Καίσαρος
1408 3527 1531 3606 ἀδελφῆς.
1547 3526 1600 3585 lini
1622 3519 1694 3594 οὗτος
1715 3527 1742 3588 δέ

965 3613 1080 3692 προέστη
1094 3617 1140 3685 τῆς
1152 3613 1298 3687 πολιτείας,
1313 3611 1493 3689 διαδεξάμενος
1506 3613 1549 3672 τόν
1560 3613 1742 3696 Ἀθηνόδωρον,

964 3702 1009 3760 καὶ
1023 3701 1151 3760 διετέλεσε
1167 3701 1314 3780 τιμώμενος
1328 3700 1402 3782 παρά
1414 3723 1442 3758 τε
1463 3709 1514 3767 τοῖς
1526 3693 1639 3778 ἡγεμόσῖ
1652 3705 1696 3762 καὶ
1715 3707 1741 3762 ίν

144 3785 260 3850 ΙΙεργάμῳ
271 3787 426 3848 βιῦλιοθήκην·
437 3789 486 3836 εἶτα
496 3789 636 3848 ἀντιτεθῆναι
646 3792 721 3852 αὐτά,
732 3795 872 3856 φωραθέντος
878 3799 920 3843 τοῦ
963 3793 997 3870 τῇ
1011 3790 1095 3848 πόλει.

1004 3877 1086 3934 Adde
1101 3879 1213 3936 Lucian.
1229 3879 1354 3934 Moerob.
1371 3897 1402 3932 c..
1415 3895 1446 3931 αι
1468 3875 1515 3950 (p.
1530 3877 1585 3942 643
1602 3880 1717 3952 Dinon)
1733 3902 1740 3936 ε

965 3963 1134 4042 Ἀθηνόδωρος
1145 3962 1279 4029 Σάνδωνος
1297 3959 1416 4041 Ἰἀραεθς
1429 3961 1559 4035 Στωικός,
1573 3955 1604 4028 δς
1613 3965 1658 4024 καί
1669 3967 1741 4024 διθά-

965 4052 1059 4116 σκαλος
1071 4049 1170 4126 ἐγένετο
1182 4049 1313 4124 Καίσαρος
1323 4047 1451 4106 σεύαστοῦ
1463 4052 1536 4118 θεοῦ,
1547 4050 1589 4127 ὑφ’
1598 4043 1629 4106 ού
1640 4055 1741 4128 η’λαρ-

966 4137 1031 4195 σέων
1046 4137 1119 4203 πολις
1138 4136 1182 4194 καί
1198 4136 1282 4215 φόρων
1297 4133 1447 4214 ἐκουφίσθη,
1464 4135 1508 4192 δύο
1525 4136 1569 4192 καί
1583 4138 1741 4212 ὀγδοήκοντα

965 4221 1011 4295 ἐτη
1027 4223 1096 4302 βιούς
1110 4224 1276 4294 ἐτελεύτησεν
1290 4224 1317 4280 ἐν
1331 4226 1363 4299 τῇ
1376 4221 1481 4298 πατρίδι
1494 4222 1539 4279 καί
1553 4222 1629 4298 τιμάς
1643 4229 1657 4282 ό
1671 4228 1742 4302 Ταρ-

966 4311 1032 4370 σέων
1046 4313 1127 4387 δῆμας
1138 4312 1210 4389 αὐτῷ
1222 4312 1280 4367 κατ’
1293 4309 1349 4374 ἐτος
1363 4305 1472 4368 ἕκαστον
1483 4309 1606 4384 ἀπονέμει
1615 4313 1651 4376 ώς
1663 4312 1739 4389 ἥρωι.

1007 4403 1141 4456 Eusebius
1154 4403 1230 4456 dnn.
1240 4399 1344 4456 Cirron.
1353 4397 1389 4452 ad
1400 4399 1443 4452 01.
1458 4416 1522 4468 197,
1538 4417 1546 4451 ε
1563 4399 1633 4472 (ηρ.
1643 4399 1739 4470 Chuni:

967 4489 1158 4544 Athenodorus
1173 4483 1499 4560 Tarsensisplrilorepdns
1513 4485 1645 4556 physicus·
1659 4487 1739 4564 [stoi-

967 4596 1014 4629 cus
1034 4571 1168 4651 Hieron.)
1182 4575 1404 4648 cognoscebatur.
1428 4571 1470 4628 Cs.
1488 4573 1608 4644 Syneeli.
1626 4593 1654 4646 p.
1675 4575 1742 4648 318,

999 4695 1032 4758 (⁶)
1046 4697 1114 4743 Hunc
1124 4695 1221 4744 vossins
1236 4695 1318 4744 censet
1336 4705 1387 4741 esse
1402 4691 1539 4746 Nestorem,
1552 4689 1621 4750 eujus
1630 4692 1744 4752 Ὗπομνή-
1849 4719 1852 4728 ·

968 4781 1031 4827 ματα
1040 4765 1148 4826 θεατρικά
1160 4765 1240 4813 laudnt
1252 4765 1380 4814 Aidoneus
1389 4763 1424 4818 Χ,
1435 4769 1459 4819 μ.
1471 4762 1574 4814 717),οε
1585 4759 1690 4818 Ἰίνίιηαε
1701 4767 1743 4821 (se.

967 4835 1110 4897 Ἡρόδωρος)
1120 4837 1133 4881 ό
1144 4835 1260 4895 Μεγαρεὺς
1267 4833 1413 4887 σαλπιγκτὴς
1421 4831 1462 4886 τὴν
1471 4827 1576 4889 περίοδον
1586 4830 1692 4888 δεκάκις,
1704 4835 1743 4880 καὶ

967 4902 1063 4950 ἐδείπνει
1074 4903 1215 4961 καθήμενος,
1229 4905 1260 4958 ώς
1273 4905 1360 4964 ἱστορεῖ
1368 4903 1397 4950 N.
1409 4901 1433 4948 ἐν
1442 4901 1489 4950 τοῖς
1499 4901 1633 4959 θεατρικοῖς
1643 4903 1744 4964 ὑπομνή-

969 4995 1034 5039 μασι.
1047 4979 1150 5026 Nestoris
1159 4991 1244 5025 nornen
1256 4977 1417 5038 rrrmnrndnrn
1430 4987 1460 5034 ιηι
1477 4972 1550 5022 ινείιιιΙ.
1565 4976 1644 5036 θίιιεῖμ.
1661 4977 1733 5024 ΙἸιιενι

973 5057 997 5096 77
1009 5051 1016 5106 (
1028 5061 1048 5092 ι.
1065 5049 1196 5108 Lysimachi
1210 5049 1236 5094 ίι·.
1255 5055 1280 5095 777
1290 5063 1303 5094 ιι
1312 5053 1329 5106 J.
