4004 5736
846 349 1097 410 FRAGMENTA.

215 613 328 668 Curtius
338 611 395 680 IX,
408 607 442 678 5,
459 626 493 664 ιι
509 628 516 664 :
533 609 726 676 Ptolemaeum,
743 613 790 681 qui
797 620 895 682 postea
909 626 951 670 ref

173 704 284 770 gruarii,
303 699 367 752 huie
375 716 482 772 pugnae
497 693 654 774 (htallensi)
671 693 794 766 adfuisse
805 708 900 749 auctor
911 705 952 748 est

175 829 245 882 nent,
253 825 473 884 dictitaresblent,
482 825 948 885 nemetestatemnorntnlatleeandrl,

176 909 251 958 quern
263 897 378 957 nasama
387 895 491 958 quidem
501 895 556 944 tilis
570 893 883 955 nolamarbltrorsaisxe,
894 908 950 944 sus·

177 969 260 1014 tinem
284 978 334 1014 nan
348 967 461 1027 poluerit
475 963 588 1025 papulas
609 967 753 1022 Romanas,
773 965 812 1024 et,
826 963 951 1014 adrasus

176 1035 382 1096 entremenis,
399 1037 428 1083 tn
443 1035 551 1082 ciuitate
562 1031 659 1092 sraela
670 1031 839 1082 Macedonum
854 1037 950 1094 armis,

177 1108 297 1154 canente
309 1109 365 1154 turn
373 1105 487 1152 maxime
497 1113 576 1164 prope
586 1101 724 1160 sumentes
736 1101 880 1152 Thebarum
893 1106 950 1151 mel·

176 1185 239 1232 nes,
255 1175 405 1222 concionari
418 1172 495 1220 litere
508 1174 568 1220 ausi
579 1174 640 1220 aaut
655 1171 770 1220 homines
783 1171 827 1232 (ld
839 1171 908 1234 quod
918 1184 951 1221 ec

176 1245 349 1294 manumortis
360 1243 510 1291 oraticnem
517 1239 750 1302 mecumtecum
761 1253 819 1290 eum
831 1254 903 1290 nemo
918 1255 951 1292 ea

177 1315 216 1362 tol
231 1311 382 1374 proceribus
394 1313 515 1360 Romanis
527 1321 611 1359 uocem
626 1309 737 1358 liberum
755 1313 881 1360 missam
890 1310 950 1371 sile·

176 1383 243 1430 rit...
258 1381 323 1430 idem
335 1381 383 1430 lere
393 1381 469 1429 totius
484 1378 683 1438 orationiateaor,
696 1379 812 1439 quamdiu
825 1379 850 1427 in
865 1379 950 1429 eadem

176 1451 278 1498 materia
288 1451 389 1512 scriptor
401 1451 524 1510 versatum
539 1449 565 1497 et
574 1447 738 1496 vehementior
753 1449 883 1509 allocutio,
902 1461 950 1511 qua

177 1532 235 1568 mox
246 1520 332 1578 utillu,
344 1519 385 1568 vix
396 1519 498 1568 dubium
510 1517 640 1578 relinquit,
650 1517 708 1580 quin
719 1519 811 1566 certum
829 1518 950 1580 quendam

177 1583 339 1638 adversarium
352 1589 416 1638 hisee
427 1588 481 1636 tella
497 1585 598 1648 petierit.
615 1585 660 1636 sed
679 1586 817 1648 priusquam
833 1588 952 1649 explicare

177 1658 337 1720 egredimur,
350 1657 408 1720 quid
419 1657 464 1707 sibl
478 1655 582 1706 voluerit
601 1655 641 1704 illa
653 1655 840 1707 imisstmoram
852 1660 950 1708 Graeco·

178 1741 238 1776 rum
257 1728 423 1790 compellatio,
441 1725 608 1788 praemittenda
625 1725 740 1774 nonnulla
758 1728 839 1775 suat...
856 1729 952 1779 scilicet

176 1797 241 1846 laud
251 1797 389 1847 incredibile
398 1797 468 1846 uobis
476 1795 570 1845 videtur
580 1795 612 1844 ad
622 1794 768 1844 mentionem
779 1796 906 1848 Alexandri
916 1802 950 1849 bl.

177 1866 333 1918 declinavisse
349 1867 626 1926 historicamncatrum,
639 1867 762 1927 nou-quia
779 1863 952 1924 timuisset

177 1937 234 2000 quia
242 1937 383 2001 potentioris
392 1938 505 1986 voluntas
514 1936 582 1986 iilum
594 1935 721 1997 impulerit.
733 1939 813 1986 cesar
822 1943 951 2001 augustus,

177 2009 249 2069 cutus
257 2010 282 2056 lu
293 2009 348 2058 aula
357 2010 430 2069 atque
438 2005 543 2056 amicitia
552 2008 579 2054 T.
587 2005 682 2055 livium
689 2006 775 2056 vixisse
784 2008 840 2075 satis
849 2013 951 2070 coastat,

177 2083 227 2138 tres
239 2079 390 2138 potissimum
409 2075 493 2125 laudes
509 2075 676 2125 affectabat...
692 2075 773 2124 liolmt
790 2077 854 2126 enim
870 2079 951 2128 baberi

177 2148 320 2210 religionum
332 2147 466 2204 restitutor,
478 2149 643 2196 homanorum
652 2144 737 2194 linium
752 2157 782 2194 ac
793 2145 884 2208 imperii
893 2163 950 2212 pro.

178 2221 287 2279 pagatpr,
298 2230 393 2266 morum
403 2229 431 2265 ac
441 2215 572 2277 discipilum
581 2217 702 2263 corrector
709 2213 904 2278 emendatorque.
916 2223 952 2270 De

177 2300 207 2336 ea
223 2287 299 2350 gloria
313 2285 484 2348 gratulantium
501 2283 601 2347 principi
621 2283 763 2346 scriptorum
781 2284 855 2334 choro
868 2286 952 2339 miscet

177 2369 266 2408 vocem
279 2369 347 2406 suam
361 2355 481 2405 Livius...
499 2357 532 2404 Ut
548 2353 578 2402 ad
591 2357 722 2418 Augustum
738 2354 864 2406 redeamus
870 2391 905 2416 ,...
918 2359 951 2408 illi

177 2429 235 2476 ante
250 2425 331 2476 omnia
346 2425 413 2474 conll
426 2425 497 2474 luisse
518 2423 622 2485 videtur,
639 2423 735 2474 abchre
750 2424 868 2488 dedecus,
887 2427 952 2488 qnod

177 2496 296 2546 atarthls
304 2495 403 2546 Romam
413 2507 462 2543 non
472 2493 544 2562 semel
552 2493 731 2555 macerantes
739 2493 866 2546 devincere
875 2509 948 2560 popu·

178 2567 230 2614 lum
242 2577 315 2627 peaes
329 2577 401 2626 quum
411 2565 462 2612 tum
470 2565 583 2626 temporis
592 2559 697 2614 Orientis
704 2564 829 2626 imperium
843 2571 903 2618 erat.
923 2572 953 2618 et

178 2635 278 2685 credere
289 2635 359 2695 licet,
371 2647 435 2682 novo
447 2635 527 2696 populi
542 2635 745 2686 Itomaulductorl
763 2635 818 2685 inde
833 2641 952 2698 ajuvanta

180 2706 323 2754 tamiliareux
336 2703 408 2754 luisse
423 2703 493 2753 istam
505 2717 602 2764 comm,
613 2706 676 2768 quin
694 2707 762 2768 quasi
773 2707 914 2758 tralaticium
929 2713 953 2762 et

178 2779 276 2836 apaue
286 2778 311 2825 l.
320 2776 414 2824 casare
429 2773 597 2824 hereditariam
613 2777 742 2837 acceptam.
756 2778 787 2826 et
802 2789 860 2828 sane
874 2793 952 2844 ¹quum

179 2845 226 2893 alia
237 2844 315 2894 bella..
324 2844 364 2893 vel
376 2843 504 2892 hadaline
512 2844 697 2906 procederent..
708 2845 747 2896 vel
758 2853 824 2908 spem
834 2851 859 2897 et
871 2852 953 2898 <stem

179 2913 296 2962 tationem
313 2926 361 2962 non
372 2911 549 2974 egredaeuiur,
562 2927 638 2964 unum
650 2915 751 2966 etiam...
766 2917 953 2968 infelicissimum

179 2983 273 3031 exitum
283 2982 394 3032 babuerit
406 3002 412 3031 ι
423 2995 547 3032 successus
557 2984 661 3034 Parthici
670 2990 770 3034 conatus
778 2989 954 3048 exspectatione

180 3051 259 3111 maior
276 3052 370 3113 affecit,
388 3054 416 3100 ul
425 3052 503 3100 omnis
514 3051 599 3102 bellica
610 3054 663 3104 laus
676 3054 824 3115 imperatoris
837 3059 952 3120 Romani,

179 3135 254 3182 quam
264 3125 289 3171 et
299 3122 348 3184 ipse
356 3121 400 3172 sihi
407 3121 461 3182 iure
469 3121 574 3172 tribuere
582 3135 651 3184 poue
660 3123 796 3186 videbatur,
804 3127 829 3175 et
837 3139 851 3174 a
860 3139 953 3188 praeco·

179 3192 253 3242 nibus
267 3192 347 3253 dolia
358 3205 409 3240 auae
420 3205 500 3241 ruam
513 3193 668 3256 scriptoribus
679 3195 803 3258 postisque
813 3198 878 3258 tulit,
890 3199 954 3249 iutra

179 3264 234 3324 ejna
242 3263 348 3312 victoria
357 3263 554 3312 lamamsteterit.
566 3263 630 3320 Quin
639 3264 710 3313 etiam
719 3263 874 3317 immoratum
884 3269 955 3322 hissa

181 3337 301 3382 caurum
310 3335 444 3393 augustum
451 3332 601 3394 cogitationi,
613 3345 661 3394 qua
670 3332 719 3394 ipse
729 3346 755 3384 se
766 3338 908 3388 Persarum
919 3343 963 3390 niv

178 3405 276 3451 ctorem
285 3404 310 3450 et
319 3401 444 3451 amalum
452 3400 595 3452 Alexandri
605 3403 693 3462 tinent
703 3403 746 3452 sibl
757 3408 953 3468 representabat,

178 3485 213 3520 ex
233 3469 325 3519 indiciis
342 3469 462 3519 nonnullis
474 3469 553 3531 colligi
567 3473 699 3532 polest;.et
714 3475 837 3533 poetarum
858 3489 955 3540 quoque

178 3539 354 3601 quuaitimtm‘u
362 3538 485 3598 laudibus,
495 3552 543 3601 qua
558 3541 659 3590 Partllos
669 3541 741 3590 modo
751 3546 844 3594 Persas
853 3551 954 3609 vocant,

178 3609 256 3660 ruodo
264 3609 358 3660 liedes.
369 3611 394 3658 et
402 3609 500 3672 augusti
509 3609 683 3668 expeditionem
693 3611 829 3662 ulteriorem
839 3615 868 3679 ad
880 3617 955 3667 indos

178 3679 333 3738 decantant,
341 3678 579 3728 veleliamdevlclam
589 3679 620 3728 ab
628 3679 712 3730 ακιοιιι
720 3681 954 3746 ludiamgtcrientur,

179 3749 207 3796 iu
220 3748 257 3796 his
265 3748 377 3798 omnibus
385 3751 495 3798 tacitam
507 3751 616 3799 casaris
626 3752 732 3820 teremit
741 3763 798 3800 cam
808 3735 956 3804 tmuandro

181 3821 280 3878 unane
289 3817 495 3879 comparationem
508 3817 598 3879 inesse,
610 3819 664 3880 quis
674 3821 813 3880 negaverit?
824 3825 883 3872 Ειιιι
894 3837 955 3886 quo·

180 3888 265 3936 miuus
274 3885 368 3936 disertis
376 3886 623 3947 verhlsdeclararenl‚
633 3891 658 3938 et
666 3901 755 3938 nomen
768 3889 847 3950 ipsum
856 3893 956 3942 Alexan-

179 3957 220 4006 dri
232 3958 375 4018 proterrent.
387 3953 507 4006 obstitisse
517 3956 612 4006 videtur
624 3957 701 4020 pudor
716 3961 741 4008 et
752 3962 831 4009 metus
844 3962 955 4026 quidam,

180 4039 215 4076 ne
225 4025 304 4074 irrisui
314 4025 447 4086 objicerent
461 4027 538 4075 virum
550 4039 628 4089 neque
639 4027 748 4078 militaris
759 4029 792 4078 rei
804 4030 887 4092 insigni
899 4035 956 4083 noti·

180 4097 218 4145 lia
237 4095 394 4144 excellentem
413 4107 491 4156 neque
509 4087 591 4146 maha.
604 4097 704 4156 iorum,
722 4101 885 4160 componendo
901 4117 956 4153 eum

180 4177 240 4212 cum
248 4163 425 4224 incomparabili
435 4166 459 4212 et
471 4177 567 4214 summo
579 4165 655 4214 totius
665 4166 814 4228 antiquitatis
832 4169 954 4224 bellatore.

181 4235 271 4296 aliqva
291 4237 371 4282 tamea
393 4232 444 4294 eius
464 4235 648 4296 comparationis
665 4237 764 4296 vestigia
783 4245 913 4291 occurrunt
933 4244 957 4292 in

182 4307 271 4354 itinere
280 4303 390 4365 Augusti,
400 4305 528 4365 quoquest
538 4304 652 4354 adversus
662 4305 762 4354 l’arhros
772 4309 922 4368 proiecturus
933 4314 957 4362 in

182 4375 278 4426 Graecia
286 4372 399 4423 substitit.
413 4376 473 4424 Nam
486 4374 536 4422 illic
545 4387 608 4423 uuus
620 4387 650 4423 ex
662 4375 780 4436 legatione
791 4377 885 4442 ludica,
902 4395 957 4443 qum

182 4445 275 4493 cesari
287 4443 381 4492 obviam
393 4446 500 4504 venerat,
510 4444 705 4506 gyruumophisla
714 4446 771 4494 vitm
779 4460 874 4510 genere,
885 4451 957 4501 cala·

183 4527 237 4562 nas
252 4513 322 4562 alter
335 4525 423 4574 coram
438 4513 524 4562 altero
541 4513 704 4569 Alexandro,
725 4515 827 4566 llammis
842 4531 868 4568 se
879 4520 956 4583 dedit,

184 4581 292 4630 οιιειιιιι
303 4582 389 4632 victori
404 4584 565 4643 spectaculum
581 4585 683 4646 (strabo
702 4587 746 4634 liv
764 4586 816 4636 init.
826 4589 844 4648 ι.
858 4615 889 4625 -
905 4593 958 4639 lanx

182 4663 260 4710 sero,
273 4649 332 4712 quid
345 4650 365 4700 si
376 4653 401 4701 iu
411 4653 490 4702 medio
501 4653 547 4702 isto
561 4654 659 4705 laudum
669 4659 693 4704 et
708 4655 891 4717 hyperboiarum
900 4668 959 4708 cou-

182 4735 257 4774 aeasu
269 4721 381 4788 exaudita
388 4725 425 4772 est
435 4723 549 4772 disemo
558 4724 646 4786 subita,
658 4727 876 4787 ursosqprotervt
885 4731 958 4779 cavil-

185 4793 258 4851 torie,
269 4793 311 4853 qui
322 4791 431 4843 insolenti
442 4793 544 4844 audacia
554 4796 708 4845 contenderet
720 4799 834 4858 puerilem
846 4812 898 4849 esse
909 4806 954 4848 tu·

184 4861 248 4925 gusti
258 4873 315 4910 cum
326 4863 458 4914 Alexandro
468 4867 499 4914 bt.
512 4868 724 4928 comparationem,
734 4870 758 4916 et
768 4870 888 4918 Romanos
899 4869 959 4928 illos,

184 4937 229 5000 qui
238 4947 270 4984 ue
279 4935 379 4984 Partllos
386 4935 483 4996 quidem
494 4935 518 4984 in
527 4935 635 4985 ordinem
648 4936 753 4998 redigere
761 4937 882 4987 sufficiant
890 4941 898 5000 t
904 4951 959 4987 nam

185 5019 218 5054 ne
229 5005 401 5067 nuncquidem
410 5018 465 5054 cum
476 5005 540 5055 hisce
548 5006 620 5056 armis
628 5005 780 5069 dimicatum,
794 5021 872 5070 neque
885 5009 960 5059 victo·

186 5075 247 5124 ram
257 5109 264 5135 ,
274 5087 348 5137 quam
359 5075 520 5137 nequidquam
527 5076 627 5137 iactent,
638 5080 798 5140 reportatam)
813 5083 837 5127 et
846 5079 887 5140 qui
897 5082 961 5130 certe

282 5171 423 5207 succussus
438 5169 528 5208 simron.
544 5173 583 5210 cn.
598 5186 624 5195 -
634 5173 687 5209 vox.
703 5173 736 5208 ιιι.

1714 360 1766 412 ttt

997 481 1151 554 Clitar-cirus
1167 491 1194 535 et
1212 481 1383 552 Timagenes.
1400 481 1458 536 Sed
1468 487 1540 555 lpse,
1555 483 1657 538 scilicet
1667 485 1768 557 gloria·

995 587 1054 622 stne
1068 586 1122 622 nou
1133 555 1304 639 refragatus,
1324 565 1430 638 afuisse
1451 575 1560 624 missum
1574 575 1601 623 in
1617 571 1770 642 expeditio·

997 673 1059 710 nem
1074 660 1215 710 mentorioe
1224 655 1350 710 tradidit.
1367 655 1410 713 Cf.
1423 657 1553 712 Clitarch.
1569 657 1604 714 ir.
1624 675 1668 713 ιι.

998 793 1076 840 mullo
1089 791 1168 841 miuus
1176 790 1281 852 antiquis
1294 791 1340 840 illis
1355 791 1447 853 Persis,
1461 796 1579 843 terrarum
1589 795 1711 856 quondam
1724 795 1769 844 do-

996 859 1074 920 minis,
1082 859 1320 918 suffecissent—eos
1329 860 1419 910 scilicet
1427 862 1570 912 Alexandri
1576 864 1688 925 potentiae
1697 866 1770 926 atque

996 929 1079 978 virtuti
1087 941 1155 990 pares
1165 930 1260 979 tuturos
1270 929 1353 978 luisse!
1365 933 1451 992 operm
1460 944 1516 980 sane
1524 933 1626 994 pretium
1634 937 1694 993 erat,
1701 936 1769 984 tanto

997 997 1107 1058 crimini,
1118 999 1250 1060 praesertim
1263 997 1283 1048 si
1296 1010 1327 1047 ex
1335 1011 1377 1048 ore
1388 1002 1522 1060 scriptoris
1531 1013 1620 1052 reram
1631 1003 1769 1063 cuiusdam

997 1069 1132 1130 proiectum
1145 1070 1210 1127 eret,
1224 1067 1321 1116 obviam
1331 1068 1378 1130 ire,
1391 1071 1416 1118 et
1431 1069 1482 1130 eius
1493 1070 1537 1120 viri
1551 1071 1685 1134 αιιιιιιιιιιι,
1696 1087 1770 1136 quem

997 1137 1138 1185 nostratium
1147 1149 1255 1186 sermone
1266 1136 1478 1200 histmiographum
1487 1139 1578 1202 imperii
1586 1143 1685 1190 bonvani
1694 1155 1769 1206 eppo-

996 1207 1041 1254 sile
1051 1205 1218 1268 appellaveris,
1230 1208 1258 1254 T.
1273 1206 1333 1256 livii
1342 1207 1410 1269 deo,
1421 1207 1546 1259 advocare.
1556 1212 1678 1261 Prolalum
1688 1219 1769 1262 autem

998 1273 1070 1323 misse
1082 1273 1198 1335 eiusmodi
1208 1274 1299 1324 crimen
1307 1277 1381 1337 atque
1392 1277 1415 1324 lu
1428 1277 1550 1338 pnbhcum
1559 1279 1647 1330 editam
1657 1281 1769 1344 obiurga-

997 1343 1217 1404 tionem‚idcertee
1227 1344 1474 1395 Livianonoslroloco
1482 1348 1629 1408 apertissime
1637 1353 1710 1412 patet.
1719 1371 1730 1393 ι
1738 1376 1770 1388 -

997 1413 1088 1463 Deinde
1097 1414 1218 1464 nonnullis
1226 1413 1369 1475 interpositis
1378 1415 1518 1468 scbnabius
1528 1420 1636 1469 veterum
1648 1421 1678 1472 de
1687 1423 1770 1473 illua·

997 1496 1055 1546 geae
1060 1483 1158 1546 ejusque
1165 1483 1289 1534 dicacitate
1296 1484 1429 1534 testimonia
1435 1491 1549 1537 meruset.
1557 1491 1613 1538 Post
1619 1490 1671 1540 hec
1678 1495 1768 1554 pergit:

998 1571 1011 1595 a
1024 1552 1067 1602 llic
1075 1552 1147 1614 igitm
1160 1547 1306 1614 timaaenes
1315 1567 1388 1615 quam
1397 1556 1508 1604 omuibus
1517 1558 1623 1618 partibus
1632 1559 1653 1608 ei
1663 1573 1770 1622 pemonm

997 1622 1125 1672 conveniat
1132 1622 1182 1686 ,ad
1193 1635 1267 1684 quum
1278 1626 1306 1672 Τ.
1320 1623 1380 1672 livii
1394 1625 1502 1673 muricia
1515 1627 1638 1678 celeranda
1651 1631 1714 1690 sint,
1729 1635 1770 1680 vix

997 1691 1109 1752 estquod
1117 1703 1236 1746 moumm.
1247 1693 1345 1741 Graecus
1353 1693 1417 1753 erat,
1427 1695 1529 1744 aemulus
1539 1696 1597 1746 livii
1610 1699 1710 1748 bomani
1721 1713 1770 1750 uon

997 1761 1075 1810 solum
1087 1761 1111 1810 iu
1121 1761 1274 1810 historiarum
1285 1761 1464 1812 scribendarum
1474 1767 1534 1826 arte,
1544 1766 1663 1818 sedetiam
1672 1771 1698 1818 ln
1706 1771 1768 1820 ami·

991 1828 1054 1896 ‚citis
1065 1829 1179 1888 caseum
1192 1829 1317 1878 libertinus
1325 1832 1390 1890 erat,
1401 1831 1431 1880 ad
1442 1833 1523 1882 aulam
1537 1837 1563 1884 et
1572 1848 1721 1887 summorum
1731 1840 1768 1886 vi·

996 1909 1078 1946 rorum
1099 1896 1283 1947 iamiliaritalem
1309 1911 1340 1947 ex
1355 1899 1491 1960 turpissimo
1509 1907 1602 1963 questu
1621 1905 1767 1966 productus,

997 1979 1045 2015 nou
1054 1967 1107 2017 leve
1115 1967 1140 2016 in
1152 1967 1228 2016 osculis
1238 1967 1299 2016 livii
1307 1967 1465 2029 oppobrium,
1476 1968 1519 2030 qui
1534 1971 1584 2031 lpse
1598 1975 1768 2036 Pompeianus,

998 2035 1022 2084 ld
1035 2039 1071 2086 est
1085 2035 1236 2098 optimatium
1247 2035 1351 2098 partium
1362 2037 1452 2086 assecla
1469 2039 1534 2098 erat,
1546 2037 1615 2100 cujus
1631 2043 1768 2093 uuiversum

1000 2105 1153 2155 ilistoriarum
1168 2118 1229 2168 opus
1243 2105 1357 2168 prodiisse
1368 2105 1521 2156 manifestum
1530 2111 1566 2158 est
1577 2123 1591 2158 e
1602 2111 1700 2162 consilio
1711 2125 1770 2162 con·

999 2175 1127 2229 decorandi
1146 2176 1247 2226 Romani
1268 2177 1386 2238 nominis,
1400 2189 1475 2238 quare
1492 2177 1514 2226 ei
1531 2179 1656 2230 Graculus
1674 2182 1714 2232 ille
1732 2185 1771 2242 tet

998 2245 1095 2294 omuino
1109 2245 1193 2294 oderat
1202 2244 1282 2296 Livius
1293 2245 1402 2306 Grecos)
1412 2259 1467 2294 cum
1479 2246 1617 2308 importuno
1632 2262 1676 2299 suc
1687 2251 1712 2300 in
1721 2254 1769 2300 lto·

999 2327 1082 2364 mauos
1092 2315 1148 2364 odio
1162 2315 1304 2366 intestabilis
1320 2327 1372 2364 esse
1387 2314 1496 2365 debebat.
1508 2317 1627 2378 usuique,
1643 2323 1770 2382 postquam

997 2383 1071 2446 gratia
1083 2384 1181 2446 Augusti
1196 2382 1316 2433 exciderat
1328 2383 1442 2444 emulus,
1461 2385 1485 2432 in
1503 2388 1529 2434 e.
1546 2389 1628 2436 trinit
1646 2390 1771 2440 Pollionis

997 2454 1096 2502 domum
1105 2452 1252 2516 conlegerat,
1260 2453 1303 2515 qui
1312 2455 1408 2514 apertus
1416 2456 1501 2503 eratT.
1513 2454 1572 2504 hirii
1581 2455 1698 2508 inimicus.
1707 2461 1768 2509 Nam

999 2523 1087 2583 Pollio,
1097 2522 1156 2572 alias
1170 2523 1248 2571 iuutor
1258 2525 1283 2570 et
1299 2523 1392 2571 amicus
1407 2521 1514 2571 virorum
1529 2523 1655 2574 doctorum
1671 2529 1696 2576 et
1707 2525 1770 2576 idem

998 2606 1080 2642 rerum
1095 2593 1204 2654 egreglus
1217 2592 1327 2654 scriptor,
1342 2592 1415 2640 etiam
1432 2595 1528 2654 propter
1546 2593 1649 2654 partium
1664 2595 1771 2647 studium

998 2661 1065 2712 Livio
1076 2665 1158 2710 nostro
1174 2662 1253 2710 lavere
1267 2674 1315 2709 non
1332 2663 1433 2723 poterat.
1447 2665 1500 2722 lpse
1517 2663 1647 2723 posteriore
1663 2667 1771 2728 tempore

998 2732 1076 2792 clam,
1088 2745 1145 2780 mox
1155 2731 1249 2792 publice
1258 2729 1355 2780 bulonii
1364 2732 1477 2791 sectator,
1495 2731 1560 2792 prius
1572 2735 1768 2794 Pompeianarum

999 2800 1102 2866 partium
1120 2799 1339 2850 vehementissimus
1349 2799 1426 2848 hostis
1438 2799 1529 2860 iuerat,
1542 2801 1660 2863 precipue
1671 2805 1771 2854 acerbus

998 2872 1112 2920 adversus
1121 2869 1260 2929 Patavinae,
1274 2869 1334 2920 bivii
1347 2868 1492 2931 municipes,
1509 2871 1574 2932 quod
1587 2885 1642 2922 cum
1656 2876 1769 2937 Pompeio

999 2941 1124 2990 iaciebant.
1134 2939 1180 2998 Qui
1189 2951 1265 3002 quum
1277 2939 1559 2989 Pataelnltatemtivii
1568 2942 1710 3003 exagitaret,
1720 2958 1769 2993 nou

998 3009 1076 3060 solum
1086 3009 1117 3058 do
1129 3007 1270 3071 quibusdam
1282 3008 1369 3069 lingum
1377 3011 1402 3056 et
1412 3008 1524 3058 orationis
1533 3009 1715 3073 solecismis...
1727 3015 1769 3062 secl

999 3079 1147 3140 potissimum
1159 3078 1190 3128 de
1205 3077 1311 3140 politica
1322 3076 1425 3138 quadam
1441 3077 1555 3128 sentiendi
1567 3079 1659 3129 ratione
1672 3083 1771 3142 questus

999 3149 1070 3198 luisse
1085 3146 1215 3196 censendam
1231 3150 1281 3206 eet,
1298 3145 1397 3208 eidem,
1411 3149 1507 3208 propter
1523 3160 1596 3210 quam
1616 3151 1772 3212 Pompeianus

999 3221 1120 3268 adesam
1138 3217 1242 3277 tugmto
1256 3229 1297 3276 per
1310 3215 1392 3276 iocum
1408 3215 1545 3266 nominatus
1555 3221 1591 3266 est
1606 3218 1695 3270 Livius.
1710 3221 1771 3270 tluic

1001 3287 1114 3347 Pollioni,
1123 3298 1205 3348 quem,
1217 3285 1289 3334 ιιιιαιιι
1298 3298 1373 3347 quum
1385 3285 1527 3352 ahtnlonio
1536 3287 1666 3337 transiisset
1674 3289 1703 3337 ull
1721 3296 1770 3340 tu·

999 3359 1108 3418 gustuum,
1122 3355 1239 3404 universae
1248 3354 1306 3415 reip.
1316 3355 1446 3416 principem
1458 3355 1560 3415 iactum,
1570 3357 1681 3407 ierociam
1691 3363 1715 3408 et
1727 3375 1772 3423 pc·

1000 3424 1134 3488 pulerilatis
1141 3423 1247 3480 audium
1261 3423 1359 3473 minime
1369 3423 1505 3486 deposuisse
1518 3425 1646 3476 verisimile
1654 3431 1704 3488 est,
1716 3443 1773 3480 sane

999 3499 1092 3556 gratum
1103 3506 1153 3543 esse
1163 3505 1211 3542 non
1220 3492 1305 3554 potuit,
1315 3492 1381 3554 quod
1390 3495 1509 3554 Augustus
1519 3496 1605 3556 regiam
1615 3496 1683 3557 quasi
1691 3499 1772 3550 aulam

1000 3563 1146 3622 instituebat,
1159 3561 1327 3623 Pompeianam
1338 3561 1482 3612 nobilitatem
1491 3563 1595 3614 alliciens
1603 3565 1664 3614 circa
1673 3579 1699 3616 se
1716 3582 1773 3618 cum

999 3633 1150 3684 atiecmtione
1162 3632 1308 3692 collocabat,
1321 3630 1424 3693 denique
1438 3635 1466 3682 T.
1486 3632 1594 3695 Livium,
1618 3637 1772 3698 iatavlnum,

1001 3703 1180 3764 Pompeianum,
1189 3699 1250 3750 iuter
1260 3701 1350 3750 amicas
1359 3699 1479 3764 babilam,
1488 3703 1577 3752 sciebat
1585 3705 1687 3755 scribere
1698 3707 1773 3758 histo·

1001 3774 1060 3822 riam
1067 3769 1216 3832 optimatium
1226 3769 1336 3818 laudibus
1349 3770 1468 3819 reiectam.
1477 3773 1567 3820 contra
1579 3771 1612 3822 illi
1623 3787 1671 3824 non
1681 3779 1774 3836 poterat

1001 3837 1234 3901 nouacoeplissimus
1244 3851 1295 3889 esse
1312 3837 1466 3900 Timagenes,
1482 3842 1533 3888 lam
1553 3844 1648 3904 propter
1659 3844 1773 3906 originem

1000 3915 1025 3961 et
1033 3912 1089 3958 vitm
1098 3921 1167 3956 casus
1175 3919 1247 3968 quam
1256 3910 1352 3969 propter
1362 3907 1478 3957 sentiendi
1487 3908 1516 3958 de
1525 3911 1646 3972 republica
1657 3911 1773 3963 rationem

1001 3984 1025 4030 et
1041 3979 1161 4042 ingenium
1180 3977 1280 4026 mordax
1296 3990 1310 4025 a
1328 3977 1441 4026 Pollionis
1459 3977 1551 4039 ingenia
1571 3979 1635 4028 baud
1652 3981 1773 4043 sisimile;

1001 4063 1059 4100 nam
1079 4048 1174 4100 asinius
1190 4047 1263 4094 ellam
1281 4046 1412 4095 octaviano
1430 4047 1531 4106 cesari,
1548 4049 1590 4108 qui
1608 4049 1774 4101 triumviratus

1001 4123 1108 4180 tempore
1119 4117 1275 4166 Fescenninos
1283 4115 1307 4164 iu
1319 4115 1395 4176 ipsum
1405 4115 1539 4176 scripserat,
1550 4130 1593 4179 per
1603 4121 1773 4170 contumeliam

1002 4189 1130 4239 rescribere
1142 4186 1239 4246 avehat,
1254 4187 1279 4234 et
1290 4184 1362 4233 modo
1371 4183 1548 4246 prudentiorem
1560 4201 1598 4247 se,
1608 4201 1682 4249 quam
1692 4191 1772 4239 Thne-

1001 4272 1084 4322 genes,
1102 4256 1176 4306 Pollic
1191 4255 1261 4316 gessit
1275 4267 1348 4314 qulrvu
1360 4253 1466 4304 diceret:
1481 4257 1566 4316 Atreo
1576 4259 1659 4316 tacem-
1670 4271 1720 4307 non
1735 4264 1773 4307 est

1001 4330 1071 4376 eelim
1083 4324 1168 4386 jacite
1187 4327 1214 4373 in
1234 4335 1293 4372 eum
1310 4321 1423 4371 scritum
1445 4326 1491 4385 qul
1514 4327 1596 4384 polest
1616 4327 1774 4385 proscribere

1003 4397 1011 4452 l
1019 4394 1121 4444 blacrob.
1137 4396 1156 4442 ll
1164 4428 1171 4453 ,
1183 4394 1222 4452 t).
1236 4390 1327 4448 Quodsi
1343 4391 1418 4440 iratus
1428 4392 1556 4454 aliquando
1566 4393 1687 4454 Timageni
1699 4396 1773 4444 l¹ollio

1003 4465 1093 4523 iuerat,
1110 4463 1160 4524 ipsa
1171 4461 1275 4510 uarrelio
1291 4459 1343 4520 ejus
1356 4461 1388 4509 rei
1404 4461 1486 4522 dolel,
1503 4475 1581 4524 neque
1591 4475 1687 4524 gravem
1704 4465 1774 4514 tuisse

1003 4535 1068 4584 illum
1077 4535 1136 4580 tram
1148 4543 1225 4592 neque
1236 4529 1476 4580 durabilem-limc
1484 4531 1637 4590 saneomnia,
1647 4544 1701 4592 quse
1713 4533 1774 4582 liuc-

1003 4615 1079 4664 usque
1098 4601 1235 4660 attulimus,
1260 4600 1285 4648 in
1304 4613 1378 4648 uuum
1394 4600 1494 4650 collecta
1508 4600 1677 4650 contessionem
1691 4601 1772 4650 lectori

1003 4671 1097 4722 eliciant
1106 4683 1200 4720 necesse
1207 4671 1300 4728 esi3vix
1308 4683 1453 4731 quemquam
1462 4683 1513 4722 esse
1521 4671 1773 4732 praeterTimagenem,

1003 4741 1098 4790 cultam
1110 4751 1222 4802 pronum,
1235 4738 1304 4800 eujus
1315 4742 1408 4788 rrslnrre
1418 4739 1484 4800 quusi
1501 4741 1526 4788 et
1538 4739 1606 4800 genio
1618 4744 1667 4790 tam
1677 4754 1773 4792 consen·

1003 4813 1101 4860 taneum
1111 4809 1196 4868 luerit,
1206 4809 1239 4857 ita
1250 4808 1398 4869 potissimum
1408 4807 1438 4857 de
1446 4809 1581 4857 Alexandro
1593 4811 1635 4866 ιι,
1644 4808 1675 4858 de
1685 4813 1773 4860 itoma-

1005 4880 1054 4940 nls,
1066 4878 1096 4927 de
1108 4878 1200 4927 Parthis
1210 4877 1290 4937 loqui,
1300 4877 1341 4925 vix
1352 4889 1409 4924 cum
1418 4889 1555 4938 quoquam,
1567 4881 1652 4939 prater
1662 4879 1773 4942 Timage-

1005 4961 1075 5005 nem,
1086 4949 1152 4995 lanta
1163 4946 1290 4994 verborum
1300 4946 1459 5005 vehementia,
1470 4948 1519 4994 ιιιιι
1530 4946 1608 4994 hostili
1619 4947 1653 4994 ira
1664 4945 1773 4996 altercari

1005 5009 1108 5071 potuisse
1120 5007 1230 5064 bivium,
1244 5007 1386 5056 connivente
1397 5009 1493 5055 (lasere
1510 5011 1625 5069 ligusto,
1637 5007 1656 5056 si
1675 5021 1723 5056 nou
1735 5008 1773 5068 ju-

1005 5079 1084 5128 bente.
1096 5081 1155 5127 llam
1165 5075 1228 5138 quoii
1238 5089 1339 5124 uvrnrero
1348 5077 1432 5139 plurali
1446 5077 1614 5136 Liriusutitnr,
1627 5077 1733 5136 loqrriior
1744 5076 1774 5125 de

1656 5165 1680 5205 at
