3910 5728
215 279 255 334 no
842 269 877 340 Q.
900 267 1002 327 santi
1026 267 1198 328 arcionis

213 422 293 476 σομαι
312 400 357 458 τοῦ
377 395 472 477 χρόνου
489 393 538 468 τλν
557 395 711 476 τέκμαρσιν,
732 395 774 455 δτι
789 395 861 454 οὔπω
882 396 930 468 τὴν
948 401 995 468 τῆς
1040 402 1123 456 norbo
1136 403 1259 458 consules
1274 409 1303 458 in
1316 404 1469 461 Saumioct
1486 407 1528 460 aci
1538 409 1682 463 bicerium
1699 427 1743 464 res
1754 429 1821 482 ges·

214 487 342 554 Ἑλλάδος
353 477 426 565 ι’ίχον
443 483 596 563 ἡγεμονίαν,
614 483 672 544 οὐδὲ
688 483 771 556 άλλην
786 483 933 544 διαπόντιον
948 487 992 543 οὐ·
1040 493 1106 544 sisse
1122 491 1232 558 scribit,
1249 493 1456 567 traductumque
1474 497 1505 548 in
1520 494 1659 550 Etruriam
1672 502 1824 552 exercitum

214 575 307 652 δεμίαν
320 574 413 656 ἀρχὴν,
426 571 529 654 Κοΐντῳ
538 571 635 654 baiis
650 571 783 652 βεόαιωτῇ
794 571 938 652 χρώμενος,
949 573 994 632 καί
1041 571 1113 652 (sed
1120 578 1224 632 abutro
1233 581 1355 648 consule,
1367 599 1422 636 non
1435 579 1569 656 adiecit),
1589 583 1670 636 etad
1679 585 1824 639 Luceriam

214 666 335 740 οὐδεμιᾶς
347 660 513 738 lubainais<
525 658 637 740 1πίστεως
649 661 746 740 ίτίρας·
758 659 934 727 παλαιότατος
943 659 995 740 γάρ
1042 669 1177 737 utriusque
1186 667 1285 720 mullos
1293 672 1416 722 occisos:
1430 673 1512 740 inque
1523 685 1557 721 ea
1566 687 1666 742 pugna
1672 671 1748 724 Iovis
1756 671 1824 726 Sta-

213 749 279 828 άνὴρ
294 751 345 808 τῶν
365 747 399 808 τὰ
414 744 555 824 Ῥωμαϊκά
567 745 775 819 συνταξαμένων,
790 747 835 806 καὶ
850 745 937 805 πίστιν
949 748 997 806 οὐκ
1042 758 1108 806 toris
1120 755 1211 808 oeclem
1225 766 1334 820 votam,
1354 767 1384 809 ut
1395 758 1525 810 Romulus
1538 767 1603 812 unte
1614 769 1729 812 voverat
1749 777 1759 812 .·
1777 761 1829 814 seri

214 837 240 907 ἐξ
251 831 287 897 ὧν
306 837 401 910 ἤκουσε
414 835 504 913 μόνον,
524 833 593 892 αἰλλδι
604 831 650 893 καί
664 831 690 902 i}
704 823 741 892 bv
754 834 831 899 abab<
847 833 928 912 ἔγνω,
943 857 996 891 πα·
1038 837 1145 910 summi
1162 854 1282 908 tantum,
1307 845 1338 897 icl
1357 855 1400 898 est
1418 845 1492 898 loom
1511 845 1614 917 templo
1633 841 1755 915 effatus,
1776 865 1826 900 sa-

215 923 465 1004 peziusnmpsam
477 923 611 979 ludorum
629 923 861 996 descriptionem,
873 925 917 978 cui
936 941 998 978 suas
1042 927 1249 1000 cratusfucrat.
1267 931 1391 986 Ceterum
1406 931 1458 986 boc
1475 934 1585 986 clcrnruu
1597 951 1672 987 anno
1686 945 1717 987 ut
1733 937 1823 988 oedem

214 1015 467 1090 argumentationes
488 1013 638 1085 Dionysius
664 1013 816 1081 immiscet,
840 1011 998 1066 exscribere
1042 1021 1126 1070 etiam
1135 1018 1208 1090 steri
1220 1030 1331 1076 senatus
1345 1019 1472 1090 juberet,
1493 1017 1535 1074 bis
1549 1021 1672 1091 ejusdem
1694 1026 1755 1076 noti
1767 1021 1828 1076 da-

214 1103 331 1178 iongum
342 1103 387 1158 sit.
401 1102 566 1174 Dionysium
580 1109 612 1154 tu
624 1099 715 1159 adeas.

587 1223 631 1262 aa.

253 1312 349 1368 Livius
362 1313 402 1380 ll,
414 1317 461 1381 bo,
472 1309 508 1366 de
518 1309 671 1368 Coriolano
683 1328 691 1365 ε
706 1308 840 1364 Abductis
851 1301 950 1364 ‹leiade
962 1309 999 1363 lc·

213 1399 345 1474 gionibus
365 1417 402 1453 es
424 1415 494 1470 agio
508 1401 647 1466 liomano,
665 1397 768 1450 inuidia
781 1401 823 1450 rci
841 1415 998 1470 oppressum

212 1491 329 1562 periisse
343 1487 468 1552 tradunt;
483 1487 537 1540 alii
546 1487 605 1540 alio
614 1486 675 1540 lcto.
686 1485 774 1558 Aptul
780 1485 905 1551 Fabium,
921 1485 1001 1558 longo

216 1577 437 1647 antiquissimum
470 1585 621 1636 strictorem,
654 1589 738 1644 usqrte
769 1571 811 1624 cul
834 1582 999 1625 senectutem

216 1658 320 1710 vixisse
332 1653 449 1706 eundem
458 1656 574 1707 inuenio.
583 1647 679 1722 Refert
689 1661 761 1704 certe
770 1649 844 1704 lianc
854 1669 929 1722 saepe
938 1667 1000 1703 eum

215 1751 318 1796 exacto
325 1750 411 1794 atate
424 1756 568 1812 usuqmsse
577 1755 673 1793 uocem
686 1737 799 1792 :Multo
808 1741 933 1792 miserius
942 1741 1002 1791 seni

217 1829 333 1883 exilium
344 1845 412 1885 esse.

589 1929 634 1988 ιδ.

255 2038 437 2106 LiviusVlll,
447 2033 494 2106 30,
505 2046 653 2108 postquam
667 2033 703 2090 de
711 2031 800 2088 lausto
808 2033 911 2106 proeiio
919 2031 1001 2087 dixe-

216 2135 260 2180 rat
268 2123 347 2197 quod
357 2124 472 2190 Fabius,
487 2123 599 2178 absente
611 2122 724 2194 Papirio
735 2119 887 2192 dictatore,
901 2130 1001 2174 contra

218 2230 303 2284 qnam
314 2213 421 2282 jussum
431 2222 500 2284 erat,
514 2229 579 2266 curn
593 2208 723 2264 Samnitis
734 2207 874 2262 commisit
885 2205 894 2280 (
904 2205 959 2260 322
975 2224 999 2262 a.

218 2300 252 2358 C.
262 2295 288 2376 ]‚
302 2300 395 2372 pergit
410 2317 417 2352 ι

257 2389 387 2440 Auctorcs
400 2384 503 2450 babeo,
521 2385 563 2437 bis
576 2401 637 2436 curn
652 2379 729 2436 horte
738 2385 819 2452 signa
830 2381 945 2448 collato,
955 2380 1000 2434 cli·

218 2457 321 2526 clarore
334 2473 459 2538 absente,
480 2472 521 2525 bis
531 2489 589 2524 mm
602 2474 715 2541 egregie
725 2481 843 2542 gestam.
854 2467 940 2541 Apud
948 2486 1002 2522 an·

220 2564 381 2632 tiquissimos
390 2563 536 2632 scriptores
552 2575 609 2611 una
622 2557 684 2611 ltoec
693 2575 793 2632 pugna
807 2561 955 2622 inreritum·
973 2560 1001 2609 in

219 2647 383 2720 quibusdam
394 2646 546 2700 annalibus
558 2657 614 2700 tota
623 2664 666 2700 res
673 2648 864 2718 praetermissa
874 2655 924 2698 est.
935 2645 1003 2698 Ma-

217 2739 307 2805 gister
322 2739 460 2806 equiturn,
478 2745 510 2788 ut
528 2753 566 2788 ex
588 2745 667 2787 tanta
681 2733 771 2798 caede,
791 2733 886 2786 multis
897 2735 1003 2803 potitus

218 2823 319 2894 spobis,
335 2833 465 2896 congesta
476 2827 505 2875 in
515 2825 656 2896 ingentem
662 2837 787 2873 acervum
798 2819 912 2873 hastilia
921 2835 1003 2872 arma

218 2909 327 2963 subdito
337 2913 402 2980 igne
412 2912 610 2963 concremavit:
621 2925 669 2961 scu
677 2919 771 2962 oanrm
785 2907 817 2960 id
824 2907 937 2960 deorum
946 2912 1001 2959 cui·

117 3033 120 3042 ·
216 3002 297 3069 pium
305 2995 382 3067 fuit,
404 3015 452 3052 seu
464 2998 574 3051 credere
590 2997 656 3050 libet
672 2996 758 3050 Fabio
771 2998 886 3060 auctori,
905 3011 938 3048 eo
945 2990 1003 3063 su-

219 3097 303 3152 ctum,
316 3103 420 3138 nesure
431 3081 665 3158 gloriaesructum
676 3083 797 3136 dictator
807 3093 931 3155 caperet,
948 3099 1002 3135 no·

221 3189 338 3244 nanque
348 3168 388 3225 ibi
398 3172 544 3240 scriberet,
554 3181 606 3224 aut
614 3169 704 3242 spolia
715 3173 745 3223 in
755 3167 895 3241 triumpho
899 3164 1001 3234 ferret.

590 3295 636 3354 ab.

263 3409 360 3466 Livius
372 3409 417 3478 X,
435 3409 483 3478 37,
500 3409 535 3464 de
547 3427 621 3464 anno
638 3409 695 3474 460
708 3402 738 3466 a}
748 3427 791 3478 n.‚
806 3414 862 3481 a9i
879 3426 903 3466 a.
917 3407 949 3466 G.
967 3411 1002 3467 L.

222 3498 365 3554 Postumio
386 3495 501 3571 Megillo
515 3507 545 3552 et
561 3498 601 3552 Μ.
620 3498 706 3553 Atilio
726 3497 838 3572 Regulo
855 3514 923 3550 coss.
944 3511 951 3552 t
969 3498 1006 3550 Et

223 3583 306 3653 liujus
327 3587 396 3638 anni
415 3602 516 3656 purum
536 3595 666 3638 constans
685 3588 819 3638 memoria
832 3595 883 3638 cst.
902 3584 1004 3638 Postu-

223 3677 321 3737 mium,
338 3681 487 3725 auctorest
505 3669 652 3739 Claudius,
669 3675 697 3724 in
711 3670 825 3724 Somnio
838 3675 927 3744 captis
946 3673 1003 3724 ali-

222 3770 289 3831 quot
296 3757 412 3824 urbibus,
426 3763 455 3812 in
465 3760 570 3832 Apulia
572 3755 672 3826 susum
671 3755 866 3833 fugatumque,
880 3765 1003 3816 saucium

222 3852 313 3920 insum
324 3863 385 3900 cum
392 3851 496 3918 paucis
507 3848 651 3900 luceriam
664 3848 853 3919 compulsum:
868 3847 905 3900 ab
918 3849 1004 3902 Atilio

222 3941 253 3988 in
265 3935 380 3987 Etruria
388 3951 433 3987 res
441 3945 545 4004 gestas,
562 3951 677 4007 eumque
685 3927 875 4008 tliumplaasse.
887 3934 997 4002 Fabius,

194 4131 197 4135 -
222 4097 329 4147 stactam
338 4097 472 4159 babebaau
485 4100 510 4148 et
526 4098 644 4156 Quintam
656 4099 756 4148 Fabium
768 4101 893 4148 auctorem
908 4109 1004 4159 oequsr,

224 4173 1006 4236 cirinsnninstidesetauctoritasmibisnitieist,neentisatisprm

224 4255 289 4300 terea
297 4265 359 4314 opus
368 4253 404 4300 est
414 4251 472 4300 mibi
484 4271 490 4300 ι
501 4263 557 4300 narn
565 4254 728 4302 Romanorum
735 4253 879 4314 scriptorum
890 4251 1005 4313 antiquis·

193 4369 195 4374 .
224 4327 300 4377 simus
309 4331 354 4390 est,
365 4327 485 4390 iidemque
492 4331 599 4378 neruus
608 4343 656 4378 non
664 4343 695 4378 ex
703 4331 732 4378 iis
739 4329 811 4378 modo
819 4341 876 4391 qun
887 4327 1005 4378 audiendo

225 4406 331 4468 accepi,
344 4403 387 4456 sed
395 4419 426 4455 ea
438 4406 468 4456 iia
477 4405 615 4468 εθειοηυεα
626 4406 677 4469 ipse
686 4405 746 4456 vidit
756 4409 782 4456 et
792 4406 913 4468 manant,

596 4490 656 4540 16.’

257 4569 312 4616 iana
328 4567 433 4618 amilcar
446 4569 605 4632 Erycinoram
616 4569 714 4630 urbem,
729 4569 791 4618 inter
800 4569 878 4631 insum
891 4567 1006 4618 verticem

226 4645 351 4706 neosqni
360 4646 386 4694 in
396 4647 540 4715 imomonte
550 4646 707 4696 consedeant
721 4646 806 4706 aium,
822 4648 934 4708 οσοοραῐ.
948 4646 1007 4695 inde

225 4721 365 4783 eveniebat,
375 4727 403 4770 ut
411 4722 511 4771 Romani
518 4759 525 4784 ,
533 4723 576 4785 qni
584 4736 707 4773 mmnum
715 4723 835 4785 bstiginan
846 4723 968 4783 tenebant,
975 4725 1006 4774 ab

224 4797 407 4858 Ιιοεῑεοθεεεεί,
417 4798 520 4848 mirabili
529 4793 761 4865 comisatiaqnaetis
770 4813 853 4863 aspera
862 4799 1005 4862 tolerarent,

227 4877 252 4923 et
263 4875 367 4936 ρετίοιιΙε
376 4875 588 4938 οιαιιίεευΙιίεοαῐς
598 4877 803 4940 carthaginienses
814 4891 872 4926 vero
880 4889 953 4939 supra
961 4878 1004 4927 bo-

227 4954 321 5004 minum
331 4953 402 5003 iidem
413 4955 456 5016 ipsi
465 4967 562 5016 quoque
570 4956 676 5006 hostibus
685 4957 791 5018 ιιιιιΙΙηιιο
798 4957 960 5019 prementibus
969 4970 1004 5006 re·

228 5031 857 5096 uisurcatmuamluamettomneututnnsmedebat
867 5033 1002 5092 diiiicuttas,

1043 1117 1140 1160 innata
1151 1107 1303 1180 republica,
1322 1111 1351 1162 in
1364 1109 1526 1180 religionem
1536 1111 1620 1165 vertit.

1416 1244 1459 1304 ιθ.

1085 1384 1218 1458 Polybius
1231 1386 1261 1458 1,
1280 1392 1331 1456 ιθ,
1349 1387 1405 1442 bet
1420 1383 1468 1456 ιθ,
1479 1359 1537 1456 Ιιο,
1550 1387 1586 1442 de
1600 1387 1680 1443 Fabii
1696 1389 1725 1442 in
1743 1407 1829 1444 enar·

1044 1471 1135 1616 ffidsf.
1154 1473 1230 1616 ΙριΙΙυ
1249 1474 1355 1530 Punico
1370 1476 1465 1548 primo
1479 1476 1658 1532 auctoritate.
1673 1475 1745 1534 Vide
1759 1475 1828 1532 Phi-

1415 1691 1460 1747 ιθ.

1091 1835 1190 1908 Polyb.
1206 1837 1236 1904 1,
1252 1832 1288 1890 58
1311 1831 1369 1894 εὈ
1390 1831 1440 1912 γδιρ
1455 1832 1592 1910 Ἇμίλκας,
1613 1835 1665 1890 τῶν
1689 1832 1831 1908 Ῥωμαίων

1053 1919 1096 1976 τδν
1113 1919 1216 1998 Ἔρυκα
1238 1919 1382 1998 τηρούντων
1401 1920 1443 1978 tet
1465 1943 1493 1978 τε
1508 1924 1554 1990 τῆς
1568 1923 1679 1999 κορυφῆς
1690 1921 1743 1978 καὶ
1757 1921 1831 1998 napis

1053 2007 1101 2076 πλν
1113 1998 1196 2086 ῥίζαν,
1210 2007 1327 2084 καθάπερ
1339 2005 1454 2083 είπομςν,
1466 2005 1624 2064 κατελάδετο
1636 2003 1683 2076 τὴν
1692 2005 1768 2064 πόλιν
1778 2009 1830 2064 τῶν

1053 2091 1204 2168 Ἰθρυκινῶη
1227 2091 1284 2163 ἥτις
1304 2085 1336 2164 ἧν
1359 2090 1454 2167 μεταξὺ
1474 2095 1520 2162 τῆς
1535 2114 1563 2148 τε
1585 2096 1697 2172 κουρῆς
1715 2091 1829 2150 καὶτῶν

1051 2179 1114 2256 πρὸς
1125 2183 1158 2256 τῇ
1171 2179 1228 2258 ῥίζῃ
1240 2177 1525 2258 στρατοπεδευσάντων.
1536 2177 1582 2246 Ἐξ
1594 2114 1767 2237 obeuntem
1777 2202 1830 2236 πα-

1052 2264 1168 2342 ραόόλως
1181 2263 1228 2340 μέν
1250 2265 1387 2342 ὑπομένειν
1402 2264 1447 2323 καλ
1461 2265 1659 2323 διακινδυνεύειν
1673 2267 1829 2344 πολιορκου-

1052 2352 1141 2425 μένους
1160 2349 1219 2419 τοθς
1232 2353 1279 2425 τὴν
1301 2351 1414 2434 κορυρὴν
1428 2351 1585 2430 κατέχοντας
1602 2356 1652 2410 τῶν
1667 2351 1828 2430 Ῥωμαίων·

1051 2441 1165 2506 ιἰπίστως
1178 2439 1205 2498 δὲ
1221 2439 1278 2508 τοὺς
1293 2439 1487 2520 Καρχηδονίους
1498 2439 1624 2518 ἀντέχειν,
1636 2443 1686 2498 τῶν
1699 2462 1726 2496 τε
1740 2442 1828 2496 πολε-

1050 2525 1116 2600 μέων
1130 2529 1291 2605 πανταχόθεν
1305 2527 1509 2606 προσκειμένων,
1529 2526 1573 2586 καλ
1587 2531 1638 2584 τῶν
1652 2529 1783 2606 χορηγιῶν
1797 2529 1828 2584 οὐ

1052 2611 1142 2694 bublum
1162 2615 1246 2680 αθνοῖς
1267 2613 1524 2692 παρακομιζομένων,
1543 2616 1577 2680 ὡς
1591 2612 1623 2672 διν
1639 2619 1685 2686 τῆς
1698 2615 1829 2682 θαλάττης

1048 2707 1106 2762 καθ’
1125 2703 1170 2762 ἕνα
1189 2693 1267 2763 τόπον
1286 2705 1332 2762 καὶ
1352 2703 1414 2778 μίαν
1435 2701 1561 2783 πρόσοδον
1581 2701 1771 2782 ἀντεχομένοις.
1788 2705 1832 2762 Οὐ

1047 2789 1099 2867 μὴν
1117 2790 1185 2850 άλλδι
1207 2790 1286 2850 πάλιν
1306 2793 1417 2850 ἐνταῦθα
1431 2787 1528 2854 πάσαις
1547 2789 1595 2868 μὲν
1615 2791 1756 2871 ἀμφότεροι
1772 2795 1833 2856 ταῖς

1049 2880 1260 2958 πολιορκητικαῖς
1285 2877 1410 2944 ἐπινοίαις
1430 2877 1476 2936 καλ
1498 2877 1566 2957 βίαις
1586 2877 1747 2958 χρησόμενοι
1770 2878 1831 2936 κατ’

1048 2967 1184 3042 ἀλλήλων,
1204 2975 1257 3024 πᾶν
1281 2966 1308 3024 δέ
1322 2965 1394 3042 γένος
1413 2966 1511 3032 ἐνδείας
1532 2965 1721 3044 ἀνασχόμενοι,
1741 2965 1833 3036 πάσης

1048 3055 1071 3112 δ’
1083 3052 1222 3120 ἐπιθέσεως
1235 3052 1280 3112 καὶ
1297 3053 1387 3131 μάχης
1400 3054 1493 3132 πεῖραν
1513 3052 1652 3120 λαθόντες·
1665 3053 1752 3124 τέλος,
1766 3057 1833 3132 υθχ,

1047 3146 1082 3209 ὡς
1097 3141 1201 3209 missu
1221 3143 1309 3222 ρησὶν,
1328 3141 1540 3210 ἔξαδυνατοῦντες
1554 3141 1600 3200 καί
1615 3147 1832 3221 περικακοδντες,

1048 3232 1107 3288 ἀλλ’
1121 3232 1156 3295 ὡς
1171 3228 1203 3288 διν
1224 3235 1333 3296 ἀπαθεῖς
1352 3229 1398 3288 καλ
1415 3228 1540 3300 άήττητοί
1562 3253 1628 3296 τινες
1642 3229 1745 3310 ἄνδρες,
1760 3229 1833 3308 ἱερὸν

1047 3317 1204 3390 ἐποιήσαντο
1220 3316 1355 3396 στέρανον.
1372 3317 1503 3398 Πρότερον
1516 3317 1567 3398 γάρ
1582 3319 1692 3384 ἐκείνους
1706 3317 1832 3388 ἀλλήλων

1048 3407 1235 3484 ἐπικρατῆσαι,
1248 3404 1343 3484 καίπερ
1357 3404 1403 3464 δόο
1414 3405 1460 3476 ἔτη
1472 3405 1552 3463 πάλιν
1565 3408 1592 3464 έν
1606 3404 1691 3486 τούτῳ
1704 3408 1743 3485 τῷ
1758 3405 1837 3486 τόπῳ

1048 3493 1299 3570 διαγωνισαμένους,
1312 3492 1345 3550 δι’
1359 3491 1440 3551 άλλου
1457 3490 1555 3570 τρόπου
1568 3491 1664 3566 συνέόη
1680 3492 1772 3551 λαθεῖν
1787 3493 1836 3552 τὸν

1047 3581 1162 3659 πόλεμον
1180 3580 1228 3652 τὴν
1243 3580 1339 3660 κρίσιν.

1372 3775 1378 3792 .
1417 3725 1460 3777 17.

1087 3848 1208 3918 Eutrop.
1227 3847 1286 3914 111,
1302 3863 1319 3900 a
1341 3863 1348 3900 ι
1364 3847 1398 3902 L.
1414 3846 1530 3900 AEmilio
1543 3845 1654 3899 consule
1667 3842 1742 3918 (529
1756 3862 1781 3900 a.
1795 3863 1832 3904 u.

1049 3932 1106 3988 aab
1119 3952 1146 3991 a.
1160 3933 1212 4007 C.)
1225 3939 1350 4006 ingentes
1362 3933 1505 3987 Gallorum
1516 3938 1607 4006 copioe
1617 3933 1703 4006 Alpes
1714 3938 1836 3987 aurasie-

1051 4097 1114 4159 quod
1129 4111 1177 4146 uno
1188 4097 1315 4146 dumnxst
1329 4097 1382 4146 iooo
1394 4099 1420 4146 et
1432 4097 1504 4146 unico
1519 4095 1586 4146 aditu
1601 4110 1671 4146 nsum
1685 4096 1759 4146 maria
1775 4099 1836 4148 rett-

1049 4179 1142 4225 nerent.
1155 4179 1246 4225 Verum
1258 4177 1297 4224 hic
1311 4189 1408 4238 quoquc
1417 4178 1545 4238 ροεῑηυειπ
1560 4175 1674 4224 omnibns
1685 4175 1835 4239 rationibus,

1050 4265 1105 4315 quas
1114 4252 1152 4302 vet
1160 4253 1191 4302 ab
1197 4256 1249 4302 arte
1256 4252 1315 4302 vela
1325 4253 1348 4300 vi
1355 4256 1428 4315 atque
1435 4253 1522 4302 robore
1531 4251 1562 4301 ad
1570 4253 1743 4315 expugnandos
1751 4253 1838 4305 hostes

1050 4334 1175 4394 petuntur,
1187 4332 1284 4393 utrique
1293 4335 1372 4381 essent
1380 4332 1432 4394 usi,
1444 4335 1468 4381 et
1477 4332 1565 4394 inopiae
1574 4333 1668 4383 nuttam
1678 4327 1837 4384 nontoleras·

1050 4411 1104 4458 sent
1111 4423 1199 4472 genus,
1213 4410 1292 4459 omnis
1306 4409 1411 4472 deabus
1424 4410 1555 4460 invasionis
1565 4415 1591 4460 et
1599 4423 1685 4472 pugna
1696 4409 1837 4472 perieulum

1047 4487 1178 4536 iecissent:
1190 4487 1287 4537 tandem
1294 4523 1301 4549 ,
1308 4499 1357 4536 non
1364 4523 1372 4548 ,
1379 4489 1408 4536 nt
1417 4487 1504 4538 Fabius
1514 4487 1562 4550 ait,
1574 4488 1698 4538 exhaustis
1706 4487 1801 4538 viribus
1810 4493 1838 4542 et

1050 4562 1108 4610 victi
1120 4562 1204 4620 maiis,
1217 4561 1259 4610 sei
1270 4565 1299 4612 ut
1307 4562 1353 4611 viri
1364 4562 1462 4625 quidam
1473 4561 1541 4612 nniio
1552 4563 1673 4614 matorum
1684 4575 1755 4612 sensu
1767 4577 1837 4627 prse-

1050 4640 1093 4690 dtti
1107 4643 1180 4703 atque
1188 4639 1385 4700 numantiorum
1398 4643 1515 4690 iecenat.
1549 4641 1619 4690 Prius
1629 4639 1693 4690 enisa
1703 4653 1778 4703 qnam
1792 4643 1836 4692 aiii

1049 4720 1110 4768 sitos
1118 4717 1242 4767 aiacnent
1253 4717 1312 4778 (etsi
1322 4730 1365 4780 ροι
1371 4717 1494 4768 biennium
1505 4729 1588 4774 rursus
1597 4718 1737 4767 continuum
1745 4718 1837 4769 eodan

1050 4797 1096 4846 boc
1105 4797 1158 4846 ioco
1168 4797 1201 4845 ab
1209 4795 1299 4846 eisdem
1310 4800 1427 4846 cenatum
1437 4797 1505 4858 est),
1519 4796 1619 4858 accidit,
1633 4799 1659 4846 nt
1667 4797 1714 4846 nn
1725 4799 1836 4860 quadam

1050 4876 1142 4924 ratione
1152 4874 1206 4922 inis
1215 4875 1277 4923 betto
1286 4875 1457 4936 imponeretur,
1470 4875 1553 4936 igitar,
1563 4873 1628 4937 qnod
1638 4875 1670 4924 αιΙ
1680 4879 1797 4939 masan,
1808 4881 1836 4928 et

1049 4953 1276 5015 co1iiasterrestrcs,
1287 4951 1325 5002 iiic
1334 4955 1410 5002 status
1420 4965 1500 5002 reum
1510 4955 1568 5003 emt.
