3886 5740
227 301 283 350 tih
855 291 1062 350 eontulissent
1084 293 1191 352 Ti'titi

254 425 276 466 s.
296 420 474 467 t'crumtamen
487 421 588 467 eluente
596 417 683 468 adhuc
694 419 820 468 callinico
830 419 997 476 seleuco‚An·
1043 421 1113 480 pinni
1134 431 1293 482 peragrans.
1312 419 1420 469 tributis
1442 420 1539 470 incolas
1556 421 1690 472 annotat.
1710 427 1780 482 Quia
1796 429 1824 471 et

222 504 323 554 tiochus
342 507 391 564 (Ι),
404 509 490 554 nstnor
506 509 573 554 natu
588 504 681 566 trater,
700 509 795 568 quietis
806 509 932 570 sortisque
947 519 999 554 suec
1043 511 1133 554 contra
1150 507 1279 557 satureum
1296 509 1430 570 coplamun
1441 505 1517 556 duces
1533 507 1671 562 mittebat,
1688 523 1741 572 ρυο
1755 511 1820 558 (ινα

223 590 831 654 irrepntieus,utlluiaresnsaoitorcrnpuenactus
840 592 999 644 estAlenan·
1043 605 1227 656 porepuurna
1243 592 1363 644 hortaris
1373 593 1718 658 sutssateilttihussaprcdt
1727 599 1822 646 suds-
1925 613 1926 666 2

221 678 299 728 sirum
318 681 361 738 (2),
379 681 423 742 put
441 681 467 728 et
482 677 571 728 artem
591 677 687 728 Sardes
708 679 811 728 tenebat
832 683 857 728 et
879 678 997 730 Laodices
1042 683 1080 728 set
1092 679 1823 742 (1)‚horssemausueetapmspareoeomssatenaqae

220 769 315 816 matris
326 763 472 826 sucsrater
480 769 557 814 arat.-
568 764 679 829 dentpue
687 769 713 816 at
728 766 810 816 tiallts
816 765 997 816 ancillaribus
1044 769 1115 816 stans
1124 769 1206 816 esunt
1219 765 1456 830 :mastinapurdte
1466 767 1595 816 Ptolemaei
1607 765 1821 826 cumittssretas

220 865 281 903 usus
292 855 338 902 est.
355 853 458 903 moises
471 853 572 916 prallls
591 854 710 902 seleuciae
719 855 746 901 ln
760 851 841 916 ludia
860 856 997 902 otctorlans
1040 851 1245 915 praeliumsetici
1259 855 1345 904 ttartc
1359 856 1490 902 conserui
1507 855 1584 902 :tuas
1600 855 1627 902 et
1642 853 1725 910 lictae
1731 851 1823 916 pitiana

220 943 314 988 nactus
325 941 377 1000 est,
396 941 434 990 tta
451 943 538 990 tamen
550 943 581 990 ut
597 953 679 1004 argue
690 940 783 990 Sardes
796 943 899 1002 caperet
914 953 996 1002 neque
1043 943 1141 1004 nuptiis
1150 939 1199 990 sthi
1209 939 1347 1004 copularit.
1360 939 1457 992 Deinde
1466 953 1535 990 anno
1552 945 1648 1004 quarto
1661 941 1823 1004 olympiada

221 1027 556 1092 specumentotenus
569 1028 720 1078 Ptolemaeis
731 1025 995 1090 (appraetunluute
1040 1027 1822 1089 centesimaettrtpestnesesepttmaetnLydiattsarmisno-
1926 1036 1927 1100 ζ

218 1115 272 1164 tat.
287 1115 384 1165 wuda
398 1119 425 1164 tn
440 1114 603 1177 cappadocia
617 1119 696 1178 atpue
712 1114 837 1164 aduersus
851 1113 995 1164 Mithrida·
1043 1115 1233 1166 tiedehettatus
1252 1118 1298 1164 est.
1318 1117 1474 1168 tumeliam
1490 1117 1561 1164 circa
1580 1114 1691 1164 ctaotoen
1705 1121 1820 1166 certauit
1926 1117 1927 1144 ³

219 1205 279 1261 (σοι,
290 1215 352 1250 nono
361 1203 552 1266 proclinando,
565 1205 620 1250 tum
630 1201 805 1263 militumrjus
815 1203 902 1264 ciplntt
911 1201 996 1250 millio
1040 1215 1099 1252 cram
1109 1205 1204 1253 Attalo
1218 1206 1332 1266 Denique
1338 1205 1498 1264 prtnsoanno
1509 1201 1670 1266 olympiadis
1682 1205 1822 1265 tripesiraa

217 1301 283 1338 eaeo
293 1303 309 1338 a
320 1289 440 1338 harharis
456 1293 531 1349 sunt,
546 1292 601 1338 tuus
612 1292 666 1350 ipse
677 1287 832 1351 profligatus
848 1291 963 1339 euanuit.
1040 1293 1138 1340 octana
1149 1291 1411 1352 ssepracenteslrnarn.
1424 1289 1541 1338 Attalum
1550 1291 1579 1338 ia
1590 1289 1822 1354 Thraciamaspeee

249 1381 272 1426 9.
291 1377 443 1426 Ptolemais
455 1389 526 1434 aero,
539 1379 585 1439 put
597 1380 622 1424 et
637 1376 757 1438 Tryphon
770 1377 813 1436 (ι),
826 1377 994 1438 spricrepto·
1037 1381 1159 1440 matesis.
1172 1379 1230 1438 post
1247 1387 1366 1440 mnam
1380 1379 1408 1424 in
1430 1379 1511 1426 caria
1534 1379 1568 1436 (2)
1586 1379 1743 1438 patratam,
1763 1381 1822 1427 sita

219 1475 263 1512 aes
279 1475 339 1512 cum
353 1467 478 1514 Damasco
489 1466 637 1526 mcupaott,
656 1463 854 1526 orthoslampua
878 1463 912 1526 (2)
933 1463 994 1512 ohst·
1039 1468 1156 1515 accurit.
1167 1467 1260 1514 temet
1271 1463 1389 1512 &lutosas
1401 1463 1563 1524 ιυριιοιιιαιιο
1578 1461 1722 1512 callinicus
1726 1462 1823 1526 frater
1927 1494 1928 1506 .

218 1551 292 1602 diem
301 1553 400 1612 cinxit,
411 1549 580 1614 qucqutdens
589 1552 675 1600 soluta
685 1553 723 1600 est
732 1553 906 1602 centesimaret
918 1555 994 1613 trice·
1041 1550 1156 1602 Antiochi
1164 1553 1264 1612 postero
1275 1560 1346 1598 anno
1356 1549 1486 1598 extinctus
1498 1551 1545 1598 cst.

139 1687 144 1698 ,
217 1641 403 1702 stmaequartee
418 1637 993 1700 otpmpinaisonnoteruo,sunamitemop·
1072 1645 1108 1688 tt.
1135 1639 1202 1686 Dseic
1226 1638 1346 1686 raucessit
1361 1633 1438 1698 pilius
1462 1635 1618 1692 Alexander,
1644 1639 1691 1698 put
1715 1637 1816 1686 munit

215 1727 302 1790 pulso.
1039 1726 1092 1774 clici
1110 1725 1228 1773 seleucus
1242 1725 1289 1783 (ι),
1303 1723 1337 1772 ah
1346 1725 1461 1772 auctio
1474 1725 1561 1772 autem
1576 1725 1713 1772 deruanus
1723 1723 1758 1782 (2)
1772 1737 1817 1772 co-

250 1821 286 1864 tti.
299 1816 392 1865 Frater
399 1817 487 1862 autem
496 1813 618 1862 callinici
629 1811 768 1862 Antiochus
778 1815 901 1873 uacuam
912 1812 993 1873 Phrp·
1043 1815 1140 1860 citatus
1150 1814 1195 1860 cst.
1209 1815 1232 1860 ts
1240 1810 1333 1859 hahuit
1342 1809 1654 1870 cticmsrotresnnonelne
1663 1810 1820 1860 Antiocheam

215 1967 240 2014 ia
250 1963 383 2014 librismss.
394 1961 452 2010 ahiit
468 1962 492 2008 in
506 1959 644 2018 acceium,
662 1961 820 2014 Eudemum.
835 1959 998 2016 Eudamum,
1016 1963 1116 2010 nounte
1131 1962 1262 2022 Droysenio
1274 1973 1297 2022 p.
1309 1967 1364 2008 sun.
1380 1961 1438 2010 llaec
1448 1959 1563 2008 accidisse
1573 1959 1662 2008 dehent
1674 1963 1719 2008 aut
1733 1960 1821 2009 αοᾶοιο
1928 1952 1929 1980 n

102 2039 111 2058 ·
216 2046 279 2082 anno
288 2045 337 2092 quo
348 2033 491 2080 Ptolemaeus
500 2043 583 2092 paoem
593 2043 649 2080 cum
659 2031 759 2080 scierim
769 2031 823 2078 iniit
833 2032 888 2090 (uit
899 2031 917 2090 i,
928 2032 970 2078 aut
982 2041 1045 2078 anno
1054 2033 1176 2090 sequente.
1190 2033 1250 2078 Nam
1264 2029 1372 2092 sequitur
1382 2041 1422 2089 ap.
1440 2029 1543 2090 Trogum
1557 2028 1668 2090 pueliam
1678 2041 1734 2076 cnm
1751 2032 1820 2078 Anti-

214 2117 276 2166 gono
286 2105 378 2150 Gonats
388 2100 556 2156 commissum
567 2101 620 2148 Gen
629 2103 672 2148 stas
683 2112 741 2147 uero
753 2103 864 2148 mortuus
875 2103 910 2148 ast
920 2112 983 2146 anno
993 2104 1038 2148 229
1049 2099 1102 2147 init.
1113 2103 1224 2147 cetensm
1239 2113 1281 2160 pro
1291 2100 1405 2160 mrrupio
1414 2099 1455 2146 illo
1467 2118 1473 2146 :
1488 2101 1520 2148 tn
1539 2099 1598 2159 (rgo
1607 2100 1647 2160 ct)
1659 2103 1821 2159 Antipcauns

215 2173 302 2223 Andro
315 2173 342 2230 ti.
354 2185 374 2220 e.
389 2170 419 2218 ad
430 2169 552 2228 Andrum)
567 2169 659 2232 prullo
671 2172 762 2218 nancti
780 2181 877 2218 arnoni
894 2170 932 2230 (r.
951 2171 966 2218 l.
980 2171 1081 2232 prona)
1099 2171 1201 2226 viruit,
1216 2167 1519 2228 Dropseniusscribendnm
1538 2171 1606 2230 pentat
1623 2169 1715 2230 proelio
1728 2170 1820 2218 navali

213 2245 360 2307 peruicerit.
373 2239 443 2296 Quoad
454 2253 503 2288 non
518 2242 553 2288 esi
567 2239 698 2300 prohibite
711 2243 736 2286 in
745 2251 845 2299 oprcna
861 2240 919 2288 latet
930 2235 998 2283 discis
1009 2249 1096 2283 nomen
1109 2237 1239 2296 proprium.
1255 2237 1303 2283 lice
1317 2233 1401 2282 dsshitu
1415 2235 1473 2297 quin
1485 2235 1589 2285 danista
1601 2236 1672 2284 luerit
1685 2235 1818 2297 sophron,

214 2327 287 2376 quem
298 2312 404 2373 Epheso,
416 2310 569 2358 nobilissimae
580 2309 640 2358 Asiae
650 2307 703 2356 nrhi
712 2345 718 2368 ‚
728 2321 783 2370 quoe
794 2312 847 2356 tum
857 2309 881 2356 in
894 2306 1058 2367 AEgyptiorum
1068 2309 1184 2367 potestate
1200 2308 1264 2363 erat,
1284 2317 1298 2352 a
1310 2305 1438 2354 Ptolemaeo
1452 2307 1485 2354 lit
1497 2307 1639 2366 praetectum
1649 2305 1721 2362 innhse
1730 2307 1821 2354 arianas

213 2399 244 2434 ea
256 2381 389 2444 Phylarcho
399 2381 442 2438 (ir.
452 2381 495 2440 ts)
506 2393 545 2440 ap.
557 2379 642 2428 Athen.
656 2383 722 2436 iiiii,
732 2391 755 2438 p.
765 2383 823 2436 593,
833 2375 1047 2436 internanarum
1057 2387 1114 2424 num
1124 2373 1315 2424 scribendumait
1327 2387 1333 2421 ι
1348 2376 1379 2422 tlt
1389 2377 1561 2434 Antiponus...
1569 2373 1702 2436 Sophrona
1711 2377 1817 2430 niceni,

215 2467 262 2504 sn:
279 2455 309 2503 uc
322 2453 505 2509 Autiponum...
519 2449 631 2510 soplnon
642 2453 742 2498 uicerit.
754 2449 898 2510 Antigonum
909 2446 992 2494 risisse
1002 2447 1067 2508 puto.
1088 2447 1149 2494 Nam
1162 2445 1315 2493 accusativus
1332 2443 1465 2504 Sophrona
1479 2443 1537 2492 nihii
1547 2443 1662 2502 cumdii,
1682 2443 1820 2505 irnoplaoct

213 2524 257 2574 sihi
270 2523 353 2570 sanctor
372 2521 395 2567 in
413 2519 459 2566 iun
475 2519 598 2580 gracismo
610 2519 653 2576 (ci.
676 2532 700 2566 ν.
718 2531 739 2566 c.
764 2523 866 2568 Conona
878 2517 940 2566 Prol.
960 2523 983 2564 8.
997 2523 1026 2574 υς
1046 2516 1153 2569 Sidona,
1174 2522 1215 2574 (ος
1233 2519 1313 2570 Aren,
1331 2521 1375 2574 253
1398 2513 1584 2574 Philomelam,
1603 2519 1648 2571 οὓς
1666 2515 1820 2575 Ευροιονα,

215 2597 272 2655 st),
287 2590 347 2640 adeo
361 2594 388 2637 nt
406 2589 429 2636 in
441 2589 492 2650 ipsa
506 2589 589 2636 lormm
605 2587 677 2646 liuius
691 2588 816 2636 insolentia
831 2589 958 2650 genuinam
979 2585 1049 2648 Trogi
1069 2597 1166 2634 manum
1183 2597 1348 2646 agnoscamus.
1366 2585 1524 2645 consequitur
1539 2597 1584 2646 pro
1604 2587 1761 2646 Antigonum
1778 2597 1819 2633 rc-

214 2661 351 2726 ponendum
370 2673 420 2708 esse
442 2661 589 2719 Antigonus.
612 2657 700 2706 Unicus
718 2657 798 2716 testis,
817 2658 858 2720 qui
870 2657 957 2720 praeter
974 2657 1079 2716 Trogum
1098 2667 1184 2716 pugnae
1195 2655 1341 2704 mentionem
1358 2655 1443 2715 iaciat,
1466 2655 1610 2704 Plutarchus
1620 2659 1656 2704 eat
1672 2655 1696 2702 in
1710 2655 1817 2716 Pdnpd.

214 2747 236 2786 e.
248 2741 262 2782 2
275 2750 282 2780 r
295 2732 387 2780 Βέλτιον
399 2728 419 2777 δ’
429 2727 691 2788 imposuissent,
701 2727 876 2790 διαναυμαχεῖν
891 2729 957 2790 περὶ
971 2727 1084 2788 Ἄνδρον
1095 2729 1199 2790 ἔμελλεν,
1217 2727 1321 2782 εἰπόντος
1340 2728 1415 2784 τινας,
1428 2727 1464 2776 ὅτι
1475 2728 1535 2776 πολὺ
1543 2729 1636 2782 uicinus,
1645 2729 1670 2775 al
1683 2733 1729 2776 τῶν
1746 2729 1818 2777 πολε-

215 2804 274 2866 μίων
286 2806 337 2859 νῆα
347 2799 406 2860 alm,
418 2815 430 2841 ι
440 2796 497 2858 Ἐμὲ
510 2798 530 2845 δ’
539 2798 610 2848 αὐτὸν
619 2831 626 2858 ,
636 2797 694 2859 ipa,
710 2799 766 2860 apic
776 2799 851 2853 ariane
861 2799 1017 2858 ὰντιατήοειςς
1034 2819 1045 2842 ν
1058 2803 1083 2846 in
1097 2797 1133 2845 his
1144 2797 1234 2859 optime
1250 2795 1351 2858 quadrat
1366 2795 1448 2844 ittndt
1467 2797 1575 2858 γέρων,
1585 2807 1640 2844 nam
1652 2807 1693 2844 an.
1705 2799 1753 2846 Tio
1772 2803 1819 2846 An·

213 2874 309 2934 iigonus
322 2873 393 2919 natus
405 2870 457 2916 erat
466 2879 541 2915 annos
553 2867 703 2928 septuaginta
713 2871 768 2914 octo
780 2868 913 2916 reinonem
937 2869 1027 2918 Deinde
1037 2882 1094 2917 nero
1104 2867 1209 2918 cadicio
1225 2868 1270 2916 hoc
1287 2865 1406 2928 colligitur
1419 2869 1526 2914 mentam
1538 2877 1589 2914 esse
1604 2877 1722 2926 pugnum,
1734 2865 1758 2913 in
1770 2879 1819 2928 qua

214 2957 263 2992 non
279 2939 372 2989 cladem
388 2937 471 2986 tulerit
482 2935 625 2996 Antigonus,
635 2935 676 2982 sed
687 2947 813 2984 nnmerum
824 2937 946 2997 copiamm
961 2941 1013 2986 arte
1024 2939 1136 2998 supplens
1148 2937 1303 3000 imperatoria
1318 2936 1410 2985 vicerit.
1421 2937 1515 2997 Repetit
1533 2933 1657 2983 historiam
1673 2935 1819 2984 Plutarchus

214 3017 238 3062 in
252 3009 427 3072 Amphthegm.
445 3009 505 3066 imp.
517 3017 540 3066 p.
554 3009 611 3062 18³,
623 3007 643 3052 D
653 3007 660 3062 (
670 3006 765 3052 Μέλλων
775 3005 800 3054 it
809 3013 935 3068 ναυμαχεῖν
945 3009 1002 3069 πρὸς
1014 3007 1066 3060 τοὺς
1077 3007 1221 3069 Πτολεμαίου
1231 3007 1372 3066 στρατηγούς
1384 3010 1430 3054 etc.
1437 3007 1458 3068 ),
1466 3009 1490 3054 ci
1500 3005 1524 3054 in
1534 3005 1595 3054 libro
1606 3009 1641 3055 De
1652 3009 1756 3054 sallent
1764 3019 1818 3069 qua

215 3085 310 3145 puisse
325 3083 410 3140 ipsam
422 3077 517 3139 alisque
527 3075 627 3124 tamdia
639 3073 741 3134 laudet,
757 3087 780 3124 c.
797 3081 825 3124 16
840 3089 863 3138 ρ.
878 3081 938 3136 sin,
953 3087 986 3136 A,
1006 3078 1050 3125 nisi
1068 3077 1133 3138 qnod
1146 3077 1275 3138 posteriore
1288 3075 1341 3124 icen
1361 3075 1467 3138 legitur:
1489 3075 1642 3136 Ἀντίγονος...
1656 3075 1686 3124 ts
1698 3081 1732 3138 τῇ
1750 3079 1816 3138 περὶ

213 3156 277 3202 Κῶν
288 3147 438 3211 ναυμαχίᾳ
450 3149 496 3194 etc.
509 3149 538 3194 iit
547 3145 577 3193 ad
590 3148 641 3193 con
651 3146 695 3194 ius.
706 3157 810 3206 ρνριιοοι
822 3148 972 3196 comminans
982 3159 1033 3196 esse
1044 3147 1116 3194 etiam
1129 3147 1252 3196 Masclion
1263 3147 1366 3194 tastatm
1376 3144 1440 3208 apud
1454 3145 1541 3194 Athen.
1561 3147 1596 3206 i,
1608 3157 1634 3204 p.
1648 3149 1709 3205 206,
1727 3147 1763 3205 li,
1774 3145 1817 3196 uhi

213 3221 390 3280 commemora}
399 3215 530 3276 Ἆντιγόναυ
546 3217 610 3278 ἱερὰν
621 3217 715 3278 τριήρη,
726 3215 741 3278 ᾖ
753 3217 845 3274 ieiunos
861 3217 914 3273 τοὺς
927 3217 1072 3278 Πτοὶαμαίου
1090 3215 1232 3278 στρατηγοὺς
1243 3215 1294 3276 περὶ
1314 3215 1447 3264 Λευκόλλου
1461 3219 1500 3272 τῆς
1521 3215 1599 3276 Κῴας.
1614 3217 1768 3276 Quamquam
1786 3215 1818 3264 tlc

213 3291 324 3342 teutona
333 3287 495 3350 promontorio
504 3287 548 3334 coi
556 3287 639 3334 insulae
647 3299 694 3334 nou
703 3289 804 3336 constat.
815 3285 931 3334 Videntur
940 3287 1011 3346 igitur
1021 3285 1077 3334 duee
1085 3297 1178 3347 pugnae.
1189 3285 1265 3334 altera
1274 3281 1305 3331 ad
1315 3286 1377 3344 Cha,
1385 3285 1460 3332 aliern
1472 3281 1503 3332 ad
1513 3283 1633 3342 Andrum,
1640 3281 1817 3346 distinguenda

213 3375 272 3412 esse.
285 3357 407 3409 Plutarchi
419 3367 503 3418 parum
514 3355 627 3405 intererat
637 3355 700 3404 hanc
710 3369 740 3404 an
751 3357 818 3404 iilam
828 3357 971 3412 nominaret,
981 3355 1054 3402 modo
1064 3355 1087 3402 in
1097 3355 1199 3414 utrique
1208 3353 1341 3414 Antigonus
1352 3352 1431 3402 victor
1442 3351 1534 3402 abierit.
1546 3351 1666 3401 mutandi
1680 3365 1737 3401 nero
1748 3359 1816 3404 tanto

214 3433 325 3493 poterant
344 3427 483 3486 iacilius,ai
502 3427 605 3485 utrauae
624 3425 709 3474 αοοαοι
726 3426 776 3474 tere
790 3430 898 3487 tempore
911 3427 1016 3487 pugnata
1032 3425 1076 3473 est.
1100 3427 1183 3484 Neque
1198 3421 1245 3469 hoc
1260 3421 1310 3470 reri
1324 3421 1403 3481 specie
1419 3423 1494 3469 emet.
1509 3423 1580 3470 certe
1593 3433 1648 3470 cum
1665 3422 1767 3470 unione
1782 3423 1815 3472 ad

213 3503 265 3548 con
278 3497 379 3546 insulam
396 3497 514 3554 reportata
526 3493 606 3554 paullo
616 3497 745 3556 numquam
758 3495 891 3544 Denmtdus
900 3494 925 3542 iu
938 3505 1009 3553 regno
1020 3491 1171 3551 comederet,
1186 3490 1275 3552 optime
1285 3489 1387 3551 quadrat
1398 3489 1463 3554 quod
1478 3491 1626 3552 insequente
1644 3491 1705 3539 libro
1722 3493 1817 3554 Trogus

213 3571 305 3626 narrat.
325 3565 471 3615 Demetrium
481 3565 505 3610 in
515 3564 570 3612 Asia
580 3565 675 3612 cariam
684 3567 727 3614 sihi
737 3565 864 3626 subjecisse
873 3567 944 3626 (nam
960 3567 1024 3613 recte
1035 3563 1190 3612 Niebuhrlum
1201 3573 1241 3622 ap.
1253 3563 1359 3622 Trogum
1369 3573 1412 3622 pro
1423 3564 1451 3610 in
1463 3563 1549 3610 Asiam
1566 3565 1669 3610 cadam
1678 3561 1816 3612 ειοαιοοεια

214 3642 242 3686 in
254 3639 313 3686 Asta
328 3637 443 3692 carium,
455 3645 503 3680 non
515 3633 686 3693 midunium).
699 3636 843 3696 Droyssniue
853 3639 873 3686 il
881 3671 887 3694 ,
896 3647 919 3698 p.
931 3639 975 3684 tlt
990 3634 1115 3681 victoriam
1125 3631 1156 3680 ad
1168 3633 1220 3680 ctu
1229 3631 1348 3692 periinere
1357 3631 1426 3692 puiat
1435 3629 1466 3678 ad
1476 3643 1515 3678 aa.
1528 3635 1587 3689 28³,
1600 3629 1713 3680 doninus
1720 3635 1812 3681 umen.

213 3735 243 3748 -
256 3709 312 3756 tiuc
326 3705 396 3766 igitur
407 3705 498 3762 Trogus
510 3702 533 3748 in
543 3703 646 3750 munds
660 3707 727 3764 parte
743 3705 796 3753 iibri
810 3708 897 3755 xitVit
915 3707 1035 3769 exposuit.
1049 3705 1139 3755 Deinde
1150 3705 1173 3754 in
1184 3703 1278 3764 syriam
1297 3703 1424 3763 Asiamque
1436 3701 1553 3750 minorem
1568 3706 1703 3762 revertens,
1721 3705 1815 3756 suenci

212 3781 237 3826 et
255 3773 364 3826 Antiochi
377 3771 467 3820 betium
483 3771 615 3819 secundnm
630 3785 705 3833 sesque
723 3773 753 3822 ad
772 3779 874 3824 mortem
886 3778 987 3826 iratrum
1003 3775 1119 3826 narrarit.
1134 3777 1192 3824 lineo
1206 3772 1287 3836 paulo
1304 3773 1380 3822 insius
1392 3770 1618 3832 acoenonoetus,
1632 3775 1660 3821 nt
1670 3771 1743 3822 tidem
1756 3777 1815 3824 Por·

213 3845 290 3908 phyrii
299 3843 374 3893 nostri
383 3845 515 3890 tueremur.

241 3916 256 3980 ς
273 3923 294 3966 a.
312 3917 364 3964 uot.
383 3921 402 3962 t.
417 3910 571 3974 Antiochus]
581 3911 658 3960 codex
669 3915 693 3960 et
703 3913 748 3961 hoc
764 3913 817 3962 ioco
828 3917 853 3962 et
864 3915 886 3962 in
896 3927 962 3976 seqq.
978 3927 1071 3977 uesper
1081 3915 1228 3975 Antipcnus.
1241 3939 1271 3948 -
1283 3919 1307 3961 2.
1319 3907 1558 3972 Alexandrumlsio
1574 3911 1686 3972 Asichon
1696 3911 1810 3962 Alexan-

212 3986 281 4037 drioe
289 3985 375 4046 Maius.
386 3985 498 4032 cetarum
506 3981 570 4030 huao
581 3981 741 4034 Alexandrum
753 3982 851 4032 aliunde
864 3997 911 4032 non
921 3985 1038 4032 norimus.
1050 4011 1081 4023 -
1090 3991 1113 4032 s.
1132 3982 1287 4044 Ephesum...
1300 3982 1473 4032 Ptolemaeus..
1490 3977 1635 4044 insidebat]
1655 3983 1813 4046 Ptolemaeis,

213 4051 336 4104 Ptolemaei
347 4050 494 4111 Philadelphi
506 4049 569 4100 tilius
580 4051 682 4109 nothus,
692 4051 793 4110 juvante
804 4053 932 4102 Timarcho
943 4053 1087 4102 Milesiorum
1098 4057 1214 4115 tyranno,
1230 4053 1323 4114 apaire
1333 4051 1445 4100 deliniens
1460 4051 1579 4112 Ephesum
1595 4057 1755 4116 aucupaverat
1766 4068 1815 4116 qua

211 4129 320 4186 tempore
332 4121 433 4183 insyria
442 4121 548 4182 regnarit
558 4120 687 4168 Antiochus
697 4125 769 4170 Deus.
782 4124 813 4170 v.
824 4125 894 4184 ng.
908 4125 988 4186 Pomp.
999 4125 1089 4184 Prolog.
1103 4125 1188 4173 xxvi.
1201 4123 1329 4172 Ptolemae
1341 4122 1386 4170 isto
1395 4122 1488 4182 moise,
1498 4121 1606 4184 Ephesus
1615 4121 1642 4170 in
1651 4122 1816 4184 AEgyptiorana

213 4193 355 4256 mianum
368 4189 451 4247 rediit,
464 4189 534 4249 eique
548 4189 674 4250 praeiectus
684 4193 719 4238 est
732 4191 850 4252 sophron.
862 4195 892 4240 v.
903 4191 1027 4252 Phylarch.
1042 4205 1082 4256 ap.
1094 4193 1180 4242 Athen.
1194 4193 1299 4254 iiiii,p.
1314 4197 1371 4250 nst,
1383 4193 1410 4240 B.

241 4261 296 4324 §tn
313 4264 364 4310 not.
386 4267 407 4309 t.
426 4257 543 4320 Tpphon]
555 4259 633 4318 vulgo
648 4259 694 4308 hoc
705 4261 801 4309 nomine
819 4264 916 4311 notatur
933 4262 1076 4310 Ptolemaeus
1089 4263 1215 4322 auergues
1232 4263 1263 4310 it.
1283 4263 1336 4312 lion
1345 4259 1441 4308 subesse
1452 4259 1600 4322 mccrptoris
1616 4271 1738 4322 errorem,
1748 4265 1814 4323 patet

211 4345 242 4380 aa
251 4333 328 4392 Trogo
338 4333 422 4390 Pomp.
437 4329 462 4376 ia
472 4327 566 4388 Prolog.
584 4330 684 4378 xliiii.
696 4356 727 4370 -
736 4335 758 4377 2.
774 4331 849 4391 igitur
860 4343 938 4392 neque
948 4333 1063 4379 maniaco
1072 4343 1151 4392 neque
1161 4330 1272 4379 orthosia
1286 4330 1430 4380 Ptolemaeus
1440 4329 1465 4376 iu
1477 4327 1555 4391 priore
1567 4328 1718 4390 expetitione
1731 4333 1816 4380 contra

211 4400 338 4450 seleucum
349 4399 459 4459 suscepta
470 4397 560 4458 potitus
568 4399 627 4446 eret.

241 4470 257 4532 ς
276 4477 313 4520 to.
325 4473 378 4518 not.
393 4475 414 4516 1.
425 4467 496 4529 Apud
505 4467 734 4529 Aucherumiegitur
742 4488 748 4516 ι
757 4479 847 4518 oerum
855 4483 872 4518 o
881 4473 935 4519 suis
943 4471 1097 4532 voluptariis
1105 4471 1231 4518 ministris
1241 4466 1361 4518 hortaris
1371 4463 1486 4514 traditus
1494 4467 1542 4514 est.
1550 4495 1580 4506 -
1589 4471 1612 4514 2.
1620 4469 1648 4515 in
1660 4465 1815 4530 Daria1h'on

211 4539 242 4588 de
251 4541 312 4590 Asina
321 4538 392 4588 caria
405 4550 461 4586 cum
477 4537 607 4586 iiiehuhrio
617 4537 783 4598 cegiuudum,
796 4539 837 4586 aad
847 4540 877 4587 de
887 4541 1016 4602 Thracica,
1028 4553 1099 4602 super
1109 4537 1223 4588 odessam
1233 4537 1264 4586 ad
1275 4539 1377 4586 Pontum
1388 4536 1441 4583 sita
1455 4535 1547 4584 Arrian.
1560 4536 1647 4598 Peripl.
1666 4537 1735 4585 Pani.
1751 4539 1813 4584 Eua.

210 4609 265 4670 §ui
275 4645 282 4668 ,
294 4616 307 4660 ³
319 4627 326 4658 s
337 4612 419 4671 Καρῶν
429 4609 511 4668 λιμὴν,
521 4610 562 4656 οιαὶ
574 4611 630 4669 ἠγῖ(
641 4611 664 4657 lu
677 4609 755 4671 ιιὺιιλῳ
766 4615 809 4658 τοῦ
821 4613 910 4671 λιμένος
927 4612 1001 4673 Καρία
1009 4611 1120 4659 naletam.
1138 4607 1226 4656 Εαᾱαιπ
1239 4607 1408 4668 AnonymusB
1423 4605 1447 4653 in
1462 4604 1550 4666 Peripl.
1564 4603 1658 4668 Pont.§
1672 4611 1699 4655 iti
1712 4606 1736 4654 in
1751 4607 1813 4656 nsit.

211 4683 296 4736 Gener.
308 4679 365 4727 min.
376 4682 436 4729 tom.
447 4681 480 4728 itt
490 4713 497 4738 ‚
509 4691 532 4739 p.
551 4685 605 4728 uun.
617 4679 654 4726 Di.
666 4679 747 4740 steph.
764 4681 819 4740 Dye.
832 4681 906 4742 Καρὸς
918 4688 1003 4742 κῆποι,
1015 4683 1100 4745 χωρίον
1113 4679 1219 4742 θραζιης,
1229 4681 1260 4734 ὠς
1270 4677 1407 4737 ticinenses<
1417 4679 1444 4724 ν’.
1455 4675 1550 4732 Quibus
1561 4675 1625 4724 idem
1637 4677 1705 4726 iocus
1716 4677 1815 4726 indicari

211 4747 313 4794 videtur.
325 4747 456 4795 Antiochus
466 4747 490 4796 in
499 4746 649 4808 Bithyniam,
659 4749 747 4796 terram
758 4749 876 4809 amicam,
889 4761 916 4798 aa
924 4752 1052 4814 recepisse,
1063 4751 1119 4799 hinc
1129 4749 1153 4796 in
1163 4747 1294 4798 Thraciam
1306 4745 1426 4806 trajecisse
1438 4745 1542 4794 ridetur.
1558 4743 1634 4794 Aliter
1646 4749 1763 4808 Dropsess.
1779 4747 1814 4807 u,

211 4829 234 4876 p.
249 4821 313 4876 iss,
327 4817 420 4866 numni
433 4818 458 4866 et
471 4818 590 4879 Anonymi
602 4817 735 4866 immemor.

240 4884 256 4947 §
275 4892 309 4934 tt.
328 4889 381 4935 not.
401 4893 421 4936 t.
438 4887 537 4936 maluit
555 4885 609 4936 dict
621 4886 754 4949 seleucus]
766 4887 848 4947 hagno
864 4890 954 4950 potitus
969 4889 1066 4939 seleuci
1084 4900 1170 4936 nomen
1186 4885 1340 4948 assimpsisse
1354 4883 1459 4933 ridetur.
1470 4887 1563 4934 ttomen
1580 4883 1725 4934 Alexandri
1741 4883 1813 4932 hahet

210 4956 283 5010 etiam
304 4956 399 5006 Melaina
408 4970 432 5017 p.
443 4956 552 5017 ²99‚uht
565 4960 619 5018 post
634 4957 776 5007 callinicum
786 4961 922 5007 mnesssetur
932 4959 1070 5020 'Aittemme
1086 4955 1226 5018 ὀΝιιίιιωρ,
1237 4955 1278 5012 tm
1293 4954 1339 5010 λς’.
1358 4953 1419 5002 Anni
1435 4959 1465 5003 stt
1484 4953 1605 5015 pertineant
1620 4953 1651 5002 ad
1669 4953 1812 5004 Antiochum

212 5028 331 5084 lingnam.
343 5025 380 5074 ci.
392 5039 463 5086 supra
472 5024 507 5086 §7
517 5027 566 5074 not.
581 5033 640 5074 t.-
648 5033 669 5076 2.
681 5029 813 5076 θααυιιαα
821 5025 830 5087 ]
838 5030 962 5076 comorius
970 5039 984 5076 a
992 5029 1062 5088 suigo
1075 5027 1214 5089 vocnhuur,
1223 5029 1285 5076 simu
1296 5025 1545 5074 seleucnatinliiniens
1557 5025 1648 5087 lisinas
1660 5025 1810 5087 rngmmina-
