3974 5732
20 421 28 436 ,
109 447 123 472 .
183 333 311 466 eu.
354 325 746 464 sursulus
788 333 895 458 su
937 333 1001 460 e.
1045 333 1437 468 uerutus
1481 341 1769 474 surius.
1855 525 1858 532 Ι

812 668 1091 704 *ιι-ψι-

335 929 434 1028 eu.
473 927 793 1052 susumus

218 1115 318 1170 Cicero
332 1115 445 1171 Tuscul.
461 1117 501 1183 V,
519 1112 555 1168 38
571 1133 578 1168 t
602 1113 697 1168 Pueris
714 1113 792 1166 uobis
807 1114 860 1168 Cn.
873 1113 955 1185 Aufi-

179 1197 244 1254 dius
250 1207 397 1275 praetorius
405 1213 435 1256 et
448 1206 477 1254 iu
490 1205 758 1254 seratusruteutiam
767 1201 887 1266 dicebat,
905 1219 955 1254 ure

180 1293 280 1342 ‹mricis
292 1289 506 1342 deliberantibus
521 1287 630 1356 decrat,
641 1299 668 1342 et
683 1287 809 1342 crucam
823 1287 957 1340 scribebat

180 1375 335 1440 historiam,
345 1375 495 1430 etviilcbat
507 1380 535 1430 iu
550 1377 647 1430 literis.
669 1398 681 1422 ο
693 1373 750 1430 Ubi
761 1374 874 1428 uidebat
885 1374 955 1428 reti-

181 1481 250 1530 neo,
262 1463 311 1516 etsi
322 1473 350 1516 et
363 1464 482 1516 vivebat
494 1462 587 1535 legere
604 1461 707 1534 possis;
720 1460 768 1518 sed
779 1461 858 1532 prius
869 1460 953 1526 malo,

180 1551 393 1621 quiacaecnrum
414 1559 521 1604 tuntum
541 1549 669 1620 exempla
690 1545 858 1602 reseruntur.
875 1545 956 1601 Unde
1016 1598 1032 1612 „

179 1647 208 1691 et
218 1635 315 1708 Stepb.
328 1637 439 1709 Pighius
449 1633 550 1690 Annei.
567 1646 636 1692 tom.
651 1635 694 1689 111
708 1654 732 1688 a.
744 1651 790 1690 arr.
804 1634 841 1690 U.
856 1653 884 1688 c.
898 1633 954 1699 634

179 1733 285 1788 censet,
295 1733 357 1794 post
363 1727 511 1795 prretorias
520 1721 613 1778 deesse
623 1721 708 1778 verba
719 1721 776 1788 illa,
789 1722 852 1775 lieet
859 1739 955 1777 coeoccs.

180 1809 306 1864 Fortasse
317 1819 355 1864 cst
364 1810 416 1866 Cn.
426 1806 570 1876 Aufidius,
583 1810 632 1880 qui
647 1816 768 1880 questos
778 1807 830 1862 luit
844 1825 869 1861 a.
881 1809 918 1863 U.
928 1826 953 1862 e.

180 1893 250 1963 635,
270 1897 380 1952 Caeciiio
402 1897 515 1952 Metello
537 1907 566 1950 et
592 1897 673 1951 Cotta
698 1913 779 1962 coss,
800 1895 906 1966 quique
927 1913 953 1954 a.

180 1989 251 2055 650,
263 1989 350 2043 Balbo
362 2001 389 2044 et
399 1989 504 2047 Catone
515 2007 595 2058 coss,
606 1990 659 2042 luit
671 1989 915 2060 tribunusplebis,
929 1999 957 2044 et

179 2095 195 2130 a
206 2093 264 2148 quo
275 2077 316 2131 tex
326 2075 436 2132 Aufidia
446 2079 509 2146 luta,
520 2088 551 2131 ut
562 2078 658 2131 liceret
667 2077 811 2132 Africanas
820 2075 957 2130 advehere

181 2163 211 2215 in
221 2163 328 2217 ltaliam
337 2165 506 2218 Circensium
516 2166 603 2238 gratia
613 2165 697 2236 (Ptin.
709 2165 746 2218 H.
757 2165 791 2220 N.
803 2163 881 2234 vllt,
897 2161 954 2236 ¹7)-

181 2251 239 2303 Nec
252 2249 426 2306 diffitendum
444 2261 550 2318 umen,
562 2250 634 2306 duos
651 2250 732 2306 fuisse
747 2249 800 2307 Cn.
817 2246 953 2318 Aufidius,
1054 2269 1061 2290 ν

180 2354 269 2388 ιιιιιιιιι
283 2337 445 2407 praetorium
454 2345 462 2403 “,
471 2347 502 2390 ιιι
512 2355 577 2390 euru
591 2337 689 2391 Cicero
703 2345 784 2390 vocat
800 2336 818 2388 Ι.
833 2336 867 2404 1.,
886 2335 956 2389 aite-

180 2440 245 2475 rum
259 2423 446 2488 consularem,
461 2441 545 2495 quem
561 2423 641 2494 prior
654 2423 699 2478 iile
719 2423 867 2494 adoptarat
883 2419 956 2494 (cic.

166 2499 231 2564 vOr.
246 2527 300 2580 pro
312 2509 389 2566 doru.
407 2504 464 2581 13).
481 2533 493 2557 υ
511 2511 640 2566 Vossius.

437 2645 701 2732 urlinus.

199 2871 205 2880 '
222 2875 263 2929 De
278 2877 350 2948 orig.
364 2885 438 2947 gent.
452 2877 537 2932 Rota.
553 2893 578 2931 c.
598 2874 668 2941 riht,
683 2889 691 2928 t
707 2874 833 2942 Aufidius
845 2891 913 2928 sane
929 2880 957 2928 in
972 2877 976 2900 ¹

185 2962 320 3034 llpitomis
332 2974 361 3016 et
380 2963 516 3016 Domitius
531 2963 576 3015 lib.
594 2963 613 3014 1
626 2959 805 3032 (Arenutium
826 2960 956 3031 Silvium)

182 3069 237 3102 uon
239 3047 366 3118 fulmine
377 3055 473 3114 ictum,
489 3051 540 3104 secl
552 3061 634 3103 terrae
647 3060 720 3102 ructu
729 3049 908 3120 prmlopuum,
921 3053 957 3101 si·

182 3139 243 3189 mid
251 3154 312 3190 rure
324 3155 356 3190 eo
365 3142 488 3210 regiam,
506 3141 534 3192 iu
550 3136 690 3190 Albanum
706 3136 796 3190 lacum
807 3135 929 3190 trudunt.

558 3276 586 3313 a.

224 3363 329 3416 Plinius
338 3362 373 3416 lt.
386 3363 462 3418 uvi
473 3379 517 3433 ,c.
530 3380 626 3436 9,1o:
642 3362 782 3417 Universae
794 3361 957 3435 (Armenia)

998 913 1151 970 oratorem,
1164 905 1376 978 philosophum,
1383 905 1624 982 jurisconsultum,
1637 910 1769 966 dicimus·
1836 931 1841 942 ’

998 1007 1054 1062 que
1065 1001 1171 1046 mutum
1181 991 1217 1047 de
1228 994 1335 1048 Rutilio
1346 994 1491 1050 historico.
1505 998 1603 1052 Latine
1615 999 1722 1071 scripsit
1736 999 1772 1054 de

998 1079 1054 1132 vita
1067 1097 1132 1154 sua,
1147 1089 1175 1134 et
1188 1081 1334 1136 minimum
1351 1081 1466 1152 quidem
1478 1085 1603 1156 quinque
1614 1085 1707 1152 libris,
1723 1105 1773 1140 cu·

997 1163 1041 1234 jus
1054 1166 1147 1238 operis
1159 1183 1225 1221 raro
1239 1167 1367 1222 meminit
1381 1169 1531 1236 Charisius,
1544 1171 1633 1226 rarius
1646 1173 1730 1226 etiam
1744 1183 1772 1228 et

999 1253 1089 1306 minus
1111 1263 1239 1308 accurate
1263 1253 1415 1310 Diomedes
1438 1266 1466 1312 et
1492 1257 1626 1316 Isidorus.
1652 1259 1772 1314 Eosdem

1000 1337 1087 1392 libros
1096 1338 1221 1412 designat
1229 1341 1339 1394 Tacitus
1348 1341 1377 1394 in
1386 1341 1480 1414 Agris
1490 1361 1515 1396 c.
1531 1361 1556 1397 1.
1568 1343 1677 1398 Deinde
1686 1363 1774 1418 grace

1000 1424 1127 1480 condidit
1141 1427 1290 1480 Historiam
1303 1429 1478 1497 Romanam,
1500 1439 1532 1484 ut
1546 1432 1620 1485 testis
1635 1441 1675 1486 est
1686 1433 1772 1486 Athe·

1000 1529 1074 1566 neem
1089 1513 1142 1581 lv,
1157 1531 1187 1585 p.
1206 1511 1268 1581 168,
1286 1514 1311 1567 D
1325 1532 1332 1566 ι
1346 1501 1429 1576 Οὗτος
1443 1513 1466 1570 δ’
1479 1514 1549 1572 ἐστὶν
1564 1513 1676 1578 Ἀπίκιος
1693 1519 1710 1574 b
1727 1518 1772 1573 καὶ

1001 1617 1046 1664 της
1059 1599 1141 1672 φυγῆς
1153 1595 1235 1662 αἴτιος
1248 1596 1383 1672 γενόμενος
1397 1596 1535 1678 Ῥουτιλίῳ
1545 1601 1583 1679 τῷ
1596 1598 1644 1670 τὴν
1656 1601 1774 1677 ‘Perpet-

1001 1680 1049 1752 κὴν
1061 1683 1177 1760 ἱστορίαν
1191 1684 1344 1742 ἐκδεδωκότι
1362 1689 1395 1762 τῇ
1414 1682 1550 1756 Ἑλλήνων
1572 1691 1653 1765 φωνῇ.
1669 1691 1710 1748 cf.
1726 1693 1773 1758 Vl,

1001 1787 1027 1842 p.
1043 1775 1111 1838 274,
1124 1771 1166 1826 C:
1190 1768 1304 1834 Μούκιος
1325 1769 1457 1836 Σκευόλας
1473 1769 1558 1849 τρίτος
1580 1773 1606 1828 ἐν
1622 1770 1715 1848 Ῥώμῃ
1732 1771 1775 1828 τὸν

1000 1852 1113 1916 Φαίννιον
1126 1852 1209 1932 levipes
1224 1854 1303 1928 νόμον
1313 1853 1366 1915 ,κοί
1375 1855 1463 1922 Αἴλιος
1486 1857 1624 1936 Ἰὀυὸίρειι
1642 1860 1687 1916 καί
1700 1857 1775 1918 Ῥου-

1000 1938 1078 2004 τίλιος
1102 1937 1225 2018 Ῥοῦφος,
1248 1943 1263 1998 b
1286 1937 1332 2008 thu
1357 1941 1467 2018 πάτριον
1490 1941 1606 2020 ἱστορίαν
1629 1944 1773 2022 γιγρκρώς.

1001 2029 1094 2098 Quum
1112 2026 1148 2090 ds
1167 2029 1359 2104 antiquissimo
1384 2040 1511 2102 tempore
1529 2042 1628 2086 auctor
1640 2049 1699 2091 non
1713 2035 1776 2086 satis

1003 2113 1106 2172 dissue
1125 2113 1265 2184 laudetur,
1286 2127 1350 2172 suut
1367 2116 1470 2189 quibus
1495 2118 1524 2171 in
1542 2118 1637 2173 Graeca
1660 2119 1774 2172 historia

991 2219 1049 2262 ,suu
1073 2212 1180 2257 tantum
1204 2214 1333 2277 tempora
1358 2203 1533 2278 descripsisse
1554 2203 1691 2262 videatur.
1720 2206 1775 2276 Qui

1002 2291 1077 2342 enim
1090 2302 1177 2345 exstat
1189 2291 1267 2346 locus
1277 2289 1354 2365 apud
1366 2291 1542 2348 biacrobium
1553 2293 1609 2348 Sat.
1623 2293 1647 2360 1,
1665 2293 1709 2360 ιδ,
1723 2293 1772 2346 ubi

1002 2376 1121 2448 explicat
1138 2377 1274 2448 Rutilius,
1295 2397 1346 2434 cur
1360 2379 1481 2434 Rotnani
1494 2375 1633 2434 nundinas
1649 2380 1777 2434 institue-

1002 2463 1078 2534 riut,
1094 2481 1153 2520 non
1171 2466 1246 2540 cogit
1265 2483 1333 2533 nos,
1348 2475 1380 2520 ut
1397 2465 1433 2520 ab
1447 2467 1483 2522 U.
1503 2485 1531 2520 c.
1551 2483 1595 2527 res
1614 2477 1702 2541 gestas
1713 2485 1777 2524 cum

1001 2567 1125 2606 narrans
1136 2552 1313 2608 arbitremur.
1332 2554 1368 2606 At
1382 2570 1450 2607 vero
1466 2571 1553 2626 quum
1568 2552 1705 2624 ejusmodi
1717 2555 1775 2612 lra-

1002 2647 1144 2710 gmeutum
1165 2638 1201 2693 de
1223 2639 1417 2711 antiquissimis
1440 2640 1615 2714 temporibus
1639 2641 1775 2714 supersit,

1003 2739 1147 2796 quumque
1156 2744 1212 2780 non
1223 2727 1416 2800 perspiciatur,
1430 2744 1481 2780 cur
1493 2729 1535 2780 sui
1547 2727 1681 2798 temporis
1692 2727 1777 2780 histo-

1002 2809 1044 2864 ria
1061 2811 1188 2866 confecta
1207 2813 1288 2867 etiam
1310 2813 1395 2866 vitam
1409 2829 1486 2866 suum
1502 2814 1640 2882 narrarit,
1659 2814 1687 2868 iu
1702 2821 1776 2866 tantu

1004 2897 1225 2952 testimoniorum
1251 2899 1368 2970 periuria
1391 2883 1600 2970 nibil'impedit
1629 2900 1778 2971 quominus

1003 2981 1103 3036 endem
1109 2983 1174 3054 jure
1184 2985 1310 3038 historias
1318 2985 1353 3038 ab
1364 2983 1449 3038 Urbis
1462 2985 1570 3056 origine
1583 2985 1713 3056 incepisse
1723 3003 1774 3056 pu-

1004 3079 1100 3128 temus.
1116 3071 1230 3142 Scripsit
1249 3081 1342 3124 autem
1359 3069 1502 3125 historiam
1514 3089 1602 3142 quum
1614 3071 1737 3142 Smyrna
1750 3073 1776 3123 in

1003 3155 1087 3210 exilio
1104 3169 1194 3214 esset:
1210 3158 1305 3216 saltem
1320 3175 1384 3214 etun
1398 3158 1542 3212 literarum
1554 3156 1652 3212 studiis
1674 3159 1712 3210 ibi
1731 3159 1775 3211 iu-

1005 3251 1111 3298 tentum
1135 3245 1310 3298 consenuisse
1326 3244 1412 3298 tradit
1432 3245 1547 3298 Orosius
1569 3244 1620 3298 lib.
1640 3247 1673 3314 V,
1691 3263 1717 3296 c.
1746 3263 1776 3311 ¹7

1003 3341 1075 3384 extr.
1089 3330 1272 3384 ilaunibalica
1283 3340 1375 3384 autem
1384 3330 1428 3382 vel
1439 3330 1600 3383 Numantini
1612 3329 1677 3382 belli
1691 3329 1773 3382 histo·

1003 3417 1060 3484 ria,
1074 3435 1136 3490 quae
1151 3415 1266 3489 quidem
1280 3417 1364 3489 vulgo
1379 3428 1589 3484 enumerantur,
1605 3434 1663 3470 non
1678 3426 1717 3469 est
1733 3415 1776 3468 ‹li-

1003 3519 1097 3558 vcrsus
1108 3502 1250 3572 liber„sed
1267 3503 1364 3557 eadem
1377 3503 1510 3570 historia,
1531 3523 1615 3576 quam
1632 3503 1779 3557 Athenaeus

480 3617 661 3644 -κοι-
1004 3588 1108 3662 aliique
1122 3590 1244 3647 laudant.
1259 3589 1358 3645 Suidas
1369 3607 1397 3646 v.
1412 3585 1554 3653 ‘Panditur
1571 3592 1608 3644 ita
1625 3605 1632 3644 ε
1654 3585 1778 3664 Ῥοῦρος,

1004 3674 1047 3731 ἐπὶ
1058 3674 1202 3740 Σκιπίωνος
1214 3665 1256 3746 ἦν,
1269 3673 1296 3739 ὃς
1304 3675 1374 3750 αὐτῷ
1386 3673 1613 3754 συνεστράτευσεν,
1625 3674 1777 3752 συγγράψας

296 3763 338 3844 Ι).
372 3761 626 3848 RU'slLIUS
653 3761 844 3850 RUFUS
1003 3760 1037 3820 τὰ
1058 3761 1115 3820 τότε
1135 3761 1268 3838 ebionita
1287 3759 1423 3838 γενέσθαι·
1444 3759 1472 3826 ὃς
1485 3765 1628 3830 τηνικαῦτα
1647 3759 1780 3838 χιλίαρχος

1005 3847 1128 3926 ἐγεγόνει,
1144 3847 1178 3913 ὥς
1189 3870 1265 3928 ρησιν
1277 3847 1418 3914 ’dantesie
1429 3849 1455 3906 ἐν
1470 3871 1502 3924 τη
1513 3847 1652 3924 Ῥωμαϊκῇ
1665 3845 1777 3924 ἱστορίᾳ.

222 3937 339 3990 Keruse
354 3934 425 4006 (Vir.
441 3947 469 3988 ct
473 3931 586 4008 fragm.
611 3935 674 3990 lu'st.
699 3937 780 3992 Rom.
798 3955 828 4008 p.
851 3935 923 4010 2²7)
949 3957 956 3991 τ
1005 3939 1148 4012 Appianas
1165 3957 1232 3992 vero
1253 3937 1309 4012 (De
1323 3938 1388 3994 beli.
1411 3937 1533 3992 Hannib.
1553 3956 1578 3990 c.
1603 3935 1679 4006 88):
1703 3930 1737 3990 ‘0
1753 3930 1780 3988 δί

184 4049 196 4068 ο
217 4025 246 4076 Ρ.
261 4020 384 4076 Rutilius
400 4021 489 4074 Rufus
502 4023 540 4076 Μ.
551 4023 664 4076 AEmiiio
679 4023 784 4077 Scauro
798 4023 892 4096 paulin
906 4025 960 4078 mi·
1006 4024 1131 4099 (Scipio)
1153 4021 1295 4080 Ῥουτίλιον
1316 4021 1429 4101 Ῥοῦφον
1449 4020 1600 4100 συγγραρία
1625 4022 1676 4076 τῶν
1699 4017 1781 4095 ἔργων

181 4127 235 4163 rior
249 4117 332 4174 natu,
344 4107 464 4162 Sisennae
484 4107 597 4180 aequalis
618 4107 733 4180 (Veiiei.
755 4110 800 4176 11,
816 4109 857 4181 9),
875 4121 915 4164 est
927 4113 957 4164 P.
1005 4109 1062 4168 τότε
1075 4111 1262 4187 χιλιαρχοῦντα
1275 4107 1393 4166 ίκίλευσι
1408 4107 1533 4188 τέτταρας
1546 4105 1647 4164 ἱππέοιν
1656 4105 1714 4170 tte,
1726 4107 1777 4160 λα-

182 4196 306 4251 itntilius
320 4195 367 4266 Sp.
383 4195 403 4248 F
406 4233 412 4246 .
422 4195 512 4266 spu.
524 4194 624 4250 Rufus.
636 4195 691 4248 Alii
700 4195 731 4251 P.
747 4196 845 4249 Rutilii
855 4207 917 4250 sunt
926 4199 957 4252 P.
1005 4194 1098 4266 Siren,
1112 4195 1261 4252 ἀναστεῖλαι
1280 4193 1338 4260 tob<
1356 4196 1536 4273 ίνοχλοῦντας.
1552 4194 1636 4266 Quod
1655 4194 1780 4266 pertinet
1886 4204 1889 4210 '

182 4285 214 4337 tf.
227 4285 259 4338 P.
269 4283 305 4350 N.
324 4292 353 4335 et
369 4281 398 4336 P.
411 4281 443 4335 F.
460 4282 500 4335 L:
509 4281 544 4336 N.
558 4280 613 4334 Sed
625 4291 716 4335 noster
736 4291 867 4336 natusest
881 4291 961 4356 patre
1005 4283 1041 4338 ad
1049 4283 1107 4354 ejus
1113 4285 1318 4352 auctoritatem,
1328 4283 1424 4337 Livius
1434 4281 1582 4356 (XXXIX,
1596 4278 1648 4354 52)
1662 4279 1687 4334 ei
1700 4279 1781 4352 Poly-

181 4367 613 4442 prmori03quaestorfuitanno
634 4366 961 4442 63331rtbunusptebis
1005 4372 1111 4443 bioque
1128 4368 1215 4426 fidem
1231 4369 1364 4445 derogat,
1385 4388 1487 4443 pamm
1510 4366 1594 4422 finno
1615 4376 1781 4440 argumento

180 4457 283 4512 curnC.
292 4457 388 4511 Fiavio
396 4455 518 4510 Fimbria
528 4473 552 4508 a.
560 4453 628 4527 6393
639 4465 777 4527 praetera.
788 4455 855 4524 643;
864 4459 959 4511 cornui
1005 4474 1086 4524 usus;
1096 4455 1259 4511 Plutarchus
1267 4475 1337 4511 vcro
1347 4457 1376 4510 in
1383 4455 1473 4510 Mario
1482 4453 1522 4528 (c.
1533 4452 1570 4508 28
1578 4455 1600 4528 ),
1612 4471 1781 4526 quamquam

181 4561 246 4596 rum
264 4543 318 4600 Cn.
331 4541 426 4596 Mattio
438 4541 544 4594 Marcio
558 4559 584 4594 a.
599 4540 667 4613 649.
682 4542 724 4596 De
737 4541 957 4615 mot-tedenique
1006 4545 1063 4616 ipse
1071 4561 1129 4597 non
1136 4545 1257 4617 optimus
1262 4542 1386 4614 judex,si
1394 4543 1423 4595 in
1431 4543 1591 4596 universum
1597 4539 1716 4611 judices,
1724 4558 1781 4593 nou

182 4647 240 4681 nnn
252 4638 371 4685 constat.
386 4629 475 4682 Notus
488 4637 528 4682 est
539 4637 632 4682 autem
643 4629 704 4681 vitae
718 4629 859 4701 probitate
873 4639 901 4684 et
916 4647 959 4684 ca·
1006 4631 1108 4702 injuria
1123 4649 1188 4686 eum
1202 4648 1246 4685 res
1256 4648 1322 4685 vere
1334 4630 1470 4702 scripsisse
1482 4627 1593 4682 dixerit.
1610 4625 1666 4681 Sed
1680 4644 1782 4698 quam-

183 3451 400 3522 umguimdincm
414 3450 540 3520 Aufidius
556 3461 670 3503 centena
685 3451 776 3503 miliia
785 3450 917 3520 prodidit.

183 4715 277 4769 inmite
289 4715 444 4786 animique.
459 4715 611 4769 constantia
623 4725 650 4769 et
661 4715 864 4789 magnitudine,
876 4733 960 4788 quam
1006 4719 1047 4773 vis
1058 4736 1115 4786 res,
1127 4717 1230 4789 quibus
1243 4717 1299 4788 ipse
1314 4715 1453 4784 interluit,
1467 4714 1675 4788 perscripserit,
1690 4724 1782 4768 tamen

182 4819 239 4873 prae
259 4801 359 4856 ceteris
379 4799 514 4873 praedicat
535 4801 648 4856 Seneca.
665 4805 689 4856 A
704 4802 809 4857 Velleio
825 4801 880 4878 (11,
908 4803 958 4879 13)
1007 4807 1037 4858 in
1053 4803 1212 4858 aestimanda
1233 4801 1290 4872 ejus
1308 4801 1471 4856 attctoritate
1489 4799 1711 4855 obliviscendum
1724 4819 1782 4854 non

182 4889 343 4961 appellatur
356 4893 467 4942 virnou
478 4890 574 4942 soecrrli
585 4893 638 4955 sui,
657 4890 866 4944 serlomrisaeui
878 4902 958 4964 optu-
1007 4901 1064 4959 est,
1079 4891 1164 4944 vitam
1185 4907 1249 4942 eum
1268 4887 1349 4941 vaide
1361 4905 1544 4942 aerumnosam
1562 4887 1677 4961 degisse.
1696 4885 1781 4943 Deni-

183 4995 251 5032 mus.
262 4977 318 5030 Etsi
330 4975 523 5049 plurqdcviro
534 4987 588 5030 tam
598 4977 735 5048 praestanti
744 4980 959 5034 cornmemoruri
1007 4996 1062 5050 que
1074 4977 1110 5032 de
1123 4977 1186 5030 stilo
1201 4975 1299 5033 Cicero
1315 4975 1343 5028 in
1356 4977 1433 5028 Brut.
1448 4994 1474 5032 c.
1491 4973 1526 5030 30
1541 4973 1685 5044 contendit
1698 4973 1780 5028 utut-

184 5071 420 5134 possunt‚tnmcn
436 5063 569 5115 mittimus
589 5064 642 5116 hirc
667 5063 729 5116 ioco
747 5065 957 5136 imperatorem,
1007 5067 1073 5118 tium
1095 5065 1123 5116 in
1145 5061 1268 5134 quodam
1290 5063 1358 5116 tristi
1379 5073 1405 5116 ct
1423 5081 1519 5116 severo
1543 5047 1644 5134 genere
1670 5057 1782 5113 dicendi
