3988 5742
850 289 1096 351 FRAGMENTA.
1713 305 1767 356 tili

181 412 290 490 βασιλέα
312 413 354 471 διὰ
374 412 421 484 τὴν
442 413 538 472 οίκτίαν
560 413 592 492 (ι)
614 413 719 494 άρετιίν.
744 415 796 474 Καὶ
812 419 836 475 οἱ
852 417 953 496 Πέρσαι
998 427 1035 476 nia
1044 427 1146 488 virtute,
1160 428 1325 479 miserabatur.
1338 431 1370 479 st
1379 432 1458 479 Pomm
1467 432 1549 482 croso
1559 431 1677 494 ingemens
1690 444 1771 492 pyram

178 501 295 578 μεγάλην
324 500 417 572 ἔνησαν
446 501 530 581 πυρδιν
562 499 667 580 Κροίσῳ
695 499 745 560 ύπό
771 526 828 561 τινα
855 503 952 585 ὑψηλόν
997 515 1772 582 είιυκοευίιιοοονεΙΙεευρροσίίυοθῑθίοῶυιοΙοοο,ακουυειοιιῑ

177 587 268 660 τόπον,
291 590 338 667 ἄρ’
359 579 387 645 οὗ
408 586 515 664 ἔμελλον
536 586 678 646 θεάσασθαι
695 585 729 646 τδι
746 587 877 666 γινόμενα.
902 591 953 650 ilat
997 603 1078 650 omnia
1086 603 1224 664 spectaturi.
1236 607 1285 653 ltec
1294 604 1372 654 multo
1384 607 1438 666 post
1453 607 1569 666 cyrusex
1584 605 1647 668 regis
1658 605 1773 670 pmcessit

180 675 247 748 μετὰ
261 680 343 732 ταῦτα
365 677 450 754 Κῦρος
468 673 604 744 ἐξήλαυνεν
620 677 649 732 ἐκ
668 677 719 733 τῶν
735 675 888 754 βασιλείων,
908 676 952 736 καί
998 701 1054 736 cum
1067 689 1177 738 universo
1187 691 1310 750 exerciiu;
1327 690 1410 739 aderat
1425 692 1498 743 etiam
1516 693 1704 742 maximaturba
1717 695 1770 742 ium

179 764 195 830 ἡ
210 759 317 836 δύναμις
330 765 417 834 παρῆν
431 759 537 834 άπασα,
557 759 636 828 πολιίς
649 784 677 820 τε
695 759 782 837 ὅμιλος
805 763 851 822 καί
866 765 951 821 ἀστῶν
998 773 1087 824 civium
1095 809 1103 834 ,
1115 777 1168 824 tnm
1177 777 1363 838 peregrinorum.
1378 781 1502 838 interjecto
1514 779 1601 828 debinc
1610 781 1703 830 modico
1712 785 1770 834 tem·

178 847 224 904 καί
236 846 323 915 ξένων.
337 845 443 925 Ὀλίγον
455 848 477 906 δ’
489 847 595 927 ὕστερον
606 847 758 928 θεράποντες
768 840 829 927 ἦγον
842 851 952 928 Κροῖσον
998 873 1068 923 ροτο,
1092 865 1187 912 srmsns
1205 875 1260 914 cum
1280 857 1474 926 quattuordecim
1493 865 1614 928 Lydorum
1635 868 1771 930 proceribus

179 933 324 1010 δεσμώτην,
342 934 388 994 καί
404 937 496 995 Λυδῶν
512 934 548 1002 δὶς
565 935 632 992 ἑπτά
648 937 691 1012 (a).
706 933 755 1002 Ὧς
768 935 795 994 δέ
814 936 953 996 ἐθεάσαντο
998 946 1092 998 vinctus
1111 961 1126 998 a
1147 949 1289 1000 satellitibus
1308 950 1443 1000 adducitur.
1464 954 1542 1010 Quem
1567 953 1608 1003 ubi
1625 966 1770 1016 conspexere

180 1019 275 1094 Λυδοί,
300 1021 395 1088 πάντες
417 1023 518 1100 οἰμωγῇ
540 1020 585 1080 καί
607 1021 689 1104 στόνιρ
712 1021 884 1098 αἰνέκλαυσαν,
908 1024 953 1084 καί
997 1034 1073 1096 Lydi,
1092 1035 1163 1086 umal
1178 1048 1261 1088 omnm
1271 1037 1392 1086 ululatum
1411 1050 1440 1088 sc
1451 1039 1566 1100 gemitum
1582 1039 1729 1092 sustulerunt
1742 1054 1771 1090 ac

179 1106 292 1178 ἔπληξαν
303 1105 347 1174 τὰς
356 1107 479 1187 κεφαλάς.
493 1111 621 1172 Τοσσθτος
632 1109 655 1166 δ’
669 1111 698 1168 ἐκ
709 1115 754 1168 τοῦ
767 1108 858 1186 ὁμίλου
870 1135 952 1170 χωχν.
997 1111 1075 1174 capita
1085 1114 1264 1176 percusserunt;
1275 1114 1403 1178 uniusque
1414 1129 1444 1166 ex
1456 1115 1522 1164 omni
1532 1116 1603 1166 turba
1617 1119 1724 1166 virorum
1734 1119 1767 1168 si·

179 1194 221 1260 τὸς
234 1179 334 1274 ἀνδρῶν
345 1199 409 1270 ὁμοῦ
421 1197 466 1254 καὶ
480 1198 608 1270 γυναικῶν
622 1194 689 1272 μετὰ
700 1195 819 1276 δακρύων
832 1197 877 1256 ναὶ
892 1203 953 1276 βοῆς
997 1197 1047 1248 mul
1059 1211 1089 1248 sc
1104 1199 1231 1248 mulierum
1249 1213 1304 1250 eum
1318 1200 1423 1250 lacrimis
1435 1205 1459 1250 et
1470 1202 1574 1252 clamore
1589 1203 1668 1254 luctus
1682 1205 1772 1254 excita-

179 1280 320 1360 ἐξερράγη,
332 1281 425 1350 ὁπόσος
438 1280 496 1340 οὐδὲ
517 1282 687 1358 ἁλισκομένης
702 1287 748 1353 τῆς
763 1283 872 1352 πόλεως,
885 1286 952 1346 Τόν,
998 1285 1039 1334 tus
1048 1286 1093 1345 ast,
1101 1287 1205 1348 quantus
1213 1298 1244 1335 ne
1255 1287 1315 1336 urbe
1324 1287 1420 1350 quidem
1430 1291 1499 1350 capta
1509 1289 1592 1340 inerat.
1601 1295 1635 1340 ite
1643 1292 1695 1339 tnrn
1705 1294 1770 1341 certe

179 1368 211 1438 δή
222 1391 260 1436 τις
276 1367 307 1426 ἂν
325 1367 370 1426 καὶ
384 1367 431 1439 τὴν
448 1367 532 1448 τύχην
549 1367 672 1450 ᾤκτειρε,
687 1369 732 1427 xat
751 1373 863 1448 Κροῖσον
878 1374 951 1430 ζθαύ.
998 1371 1084 1434 uliqtlis
1093 1373 1203 1424 (ticroeti
1214 1373 1292 1424 vicem
1305 1373 1420 1424 doluisset
1435 1378 1460 1424 ei
1474 1376 1625 1426 subditorum
1637 1391 1692 1440 ergit
1709 1392 1770 1428 euu-

180 1477 248 1530 μασι
259 1460 305 1526 τῆς
319 1455 383 1534 πρὸς
393 1459 444 1514 τῶν
459 1456 611 1536 ἀρχομένων
627 1457 663 1534 (a)
672 1456 767 1536 ριλίας.
782 1456 890 1540 Ὥσπερ
902 1459 952 1540 γὰρ
996 1458 1052 1510 dem
1059 1458 1249 1510 benevolentiam
1259 1461 1426 1524 obstupuisset.
1437 1464 1538 1512 l‘rorsns
1546 1465 1608 1513 enim
1616 1465 1670 1513 acsi
1678 1467 1770 1528 patrem

178 1541 278 1620 πατέρα
291 1541 450 1620 ἑωρακότες,
465 1545 488 1600 οἱ
502 1542 550 1620 μὲν
561 1542 607 1610 τὰς
618 1545 726 1615 terebra<
735 1545 951 1625 κατερρήγνυντο,
996 1546 1254 1608 conspexissent‚alius
1263 1551 1353 1598 restem
1363 1548 1496 1612 lacerabat,
1505 1551 1566 1600 allus
1575 1549 1651 1598 crines
1658 1551 1768 1600 vellebat.

178 1631 201 1684 oi
216 1628 242 1686 δὲ
259 1627 305 1695 et<
320 1630 403 1704 κόμας
422 1627 533 1688 ἔτιλλον·
552 1633 680 1708 γυναικῶν
698 1629 725 1688 δέ
747 1635 834 1708 ἡγεῖτο
854 1633 952 1704 πληθύς
997 1635 1161 1684 listronarum
1170 1646 1266 1696 quoque
1276 1637 1376 1697 praeibat
1384 1638 1456 1686 turba
1464 1651 1521 1686 cum
1533 1638 1629 1699 planctu
1639 1641 1711 1700 atque
1721 1637 1771 1687 uin·

178 1714 258 1794 μυρίοι
273 1715 340 1790 μετὰ
355 1720 458 1792 κομμού
478 1715 523 1775 καί
544 1717 679 1793 όλολυγῆς.
699 1715 782 1784 Λύτδς
795 1716 822 1776 δὲ
838 1721 951 1800 ἄδακρυς
997 1721 1054 1770 latu.
1067 1723 1120 1782 lpse
1126 1722 1232 1782 crosna,
1243 1723 1405 1784 cautissimis,
1416 1739 1458 1774 ore
1470 1724 1502 1774 ad
1513 1725 1663 1774 severitatem
1675 1738 1771 1788 compo-

178 1799 288 1880 προσῄει
299 1801 344 1858 καὶ
357 1799 516 1880 σκυθρωπός.
533 1799 568 1862 ‘0
582 1801 609 1860 δί
625 1805 723 1883 Κύρος,
737 1807 809 1860 ταῦθ’
825 1808 891 1884 ὁρῶν
904 1830 950 1882 γι.
996 1807 1042 1858 siin
1051 1807 1184 1858 incedebat.
1198 1809 1259 1864 Qum
1271 1822 1349 1872 quum
1361 1811 1393 1860 its
1403 1810 1453 1860 lieri
1462 1813 1666 1874 cerneretcyrus,
1678 1825 1769 1874 neqna·

178 1886 287 1964 νόμενα,
301 1889 348 1946 οὐκ
360 1887 473 1960 ἐκώλυε,
491 1887 644 1966 βουλόμενος
665 1889 709 1946 καί
723 1887 781 1955 τοὺς
795 1889 898 1970 Πέρσας
915 1883 951 1951 oi·
996 1907 1068 1956 quarn
1079 1895 1190 1956 vetabat,
1207 1895 1295 1958 quippe
1306 1897 1347 1958 qui
1361 1900 1443 1949 Persas
1450 1898 1527 1948 croesi
1538 1898 1689 1948 miseralione
1706 1899 1770 1962 tangi

178 1976 238 2033 κτόν
247 1997 305 2032 τινα
316 1973 405 2032 λαόεῖν
414 1977 503 2042 αὐτοῦ,
515 1974 564 2041 Ὦς
576 1974 603 2032 δὲ
614 1973 712 2054 προῖὼν
722 1977 780 2034 κατ’
794 1977 871 2036 αὐτόν
883 1979 951 2056 γίνε·
997 1980 1101 2030 mxime
1114 1981 1196 2032 vellet.
1217 1985 1344 2046 nmquam
1355 1985 1452 2036 Groesus
1470 1997 1545 2045 nsque
1562 1982 1593 2033 ad
1608 1985 1664 2046 cyri
1683 1985 1769 2034 solium

178 2083 221 2116 ται
236 2065 250 2117 ό
265 2063 394 2138 Κροῖσος,
408 2059 546 2140 ἐφθέγξατο
567 2061 669 2140 μεγάλη
683 2065 715 2139 τῇ
729 2065 816 2142 φωνῇ,
835 2063 953 2140 δεόμενος
997 2067 1113 2130 persenit,
1120 2069 1298 2120 contentissima
1307 2082 1366 2118 noce
1374 2072 1455 2132 patere
1461 2071 1540 2132 oepit,
1550 2073 1577 2119 nt
1586 2084 1700 2121 coramse
1709 2071 1770 2120 iilius

178 2147 220 2204 τόν
230 2149 284 2204 nov
294 2147 407 2226 άχθῆναί
415 2150 450 2222 οἱ,
461 2145 487 2213 ὃς
499 2147 531 2226 (ε)
545 2145 629 2206 οὐκέτι
641 2147 792 2226 ἐπεπήρωτο
803 2145 848 2220 τὴν
857 2147 952 2230 φωνην,
995 2153 1161 2204 adduceretur.
1180 2158 1219 2216 ts,
1229 2167 1259 2204 cx
1269 2168 1318 2218 quo
1332 2155 1436 2218 primum
1445 2155 1511 2218 loqui
1522 2159 1640 2219 stuperet,
1659 2157 1770 2220 expolita

178 2233 203 2300 ἐξ
217 2229 276 2290 ὅτου
288 2233 317 2290 τὸ
329 2237 430 2312 πρῶτον
442 2233 592 2312 ἐφθέγξατο·
607 2225 639 2306 ἦν
650 2233 676 2291 δὲ
686 2233 731 2292 καί
739 2235 823 2294 τάλλα
835 2233 949 2318 ἔμρρων.
996 2244 1048 2291 erat
1063 2241 1158 2304 lingua,
1168 2255 1197 2290 ac
1206 2241 1328 2305 ceteroqui
1344 2255 1394 2292 non
1404 2243 1518 2292 mediocri
1530 2241 1656 2306 prudentia
1665 2243 1768 2294 valebat.

180 2319 233 2376 Καὶ
246 2323 261 2378 δ
276 2322 360 2397 Κῦρος
374 2319 445 2396 άγειν
466 2319 583 2378 ἐκέλευσε
603 2320 647 2379 τὸν
663 2320 804 2382 νεανίσκον.
826 2317 879 2381 Καὶ
892 2327 951 2398 μετ’
997 2327 1071 2389 igitur
1082 2331 1159 2392 cyrus
1166 2327 1280 2391 juvenem
1296 2327 1451 2390 acciriiubet.
1465 2330 1511 2388 Qui
1529 2343 1605 2392 quum
1620 2331 1701 2393 paullo
1717 2333 1770 2394 post

178 2406 207 2462 οὖ
219 2405 285 2464 πολὺ
297 2405 374 2483 ἤγετο
385 2406 517 2482 ἑπομένων
530 2409 601 2487 αὐτῷ
613 2409 716 2466 πολλῶν
725 2407 833 2480 ἡλίκων.
848 2411 952 2468 Θεασά-
995 2414 1109 2464 adiuisset
1121 2414 1222 2477 stipatus
1232 2427 1318 2476 magno
1329 2416 1458 2478 aequalium
1474 2417 1603 2478 comitatu,
1621 2417 1771 2480 conspicatus

178 2513 252 2565 μενος
265 2491 292 2550 δέ
307 2493 384 2552 αὐτὸν
401 2497 415 2552 δ
430 2497 538 2573 Κροῖσος
548 2493 652 2552 ούκέθ’δ
666 2493 742 2560 αὐτὸς
754 2485 796 2567 ἦν,
810 2495 877 2552 elit
894 2495 950 2554 τότε
997 2501 1073 2550 iritum
1085 2504 1181 2552 croesus
1194 2493 1302 2563 iamno'n
1312 2502 1382 2566 isqui
1395 2505 1538 2564 euiscerat,
1551 2505 1770 2566 tuncqueprinrum

179 2584 279 2660 πρῶτον
303 2583 454 2662 ἐδάκρυσεν.
476 2581 510 2642 ‘0
533 2583 559 2640 δέ
579 2581 646 2660 μετὰ
667 2583 799 2658 κλαυθμοῦ
819 2583 864 2641 καί
890 2587 952 2662 βοῆς
996 2586 1021 2635 in
1034 2585 1117 2636 dotum
1133 2589 1227 2638 solutus
1240 2590 1284 2638 est.
1297 2589 1329 2638 nt
1343 2588 1439 2650 juvenis
1455 2589 1647 2638 lacrimabundus
1660 2591 1684 2638 in
1698 2593 1771 2652 patris

178 2668 331 2746 προσπεσὼν
340 2669 404 2748 πρὸς
414 2669 457 2726 τδν
465 2672 585 2748 Κροῖσον,
594 2697 605 2722 ι
613 2667 705 2744 Οίμοι,
713 2669 806 2748 πάτερ,
819 2669 877 2752 ἔρη,
890 2675 906 2742 ἡ
917 2670 951 2743 νὴ
995 2675 1238 2736 εωρΙοκυωιυσοε,ι
1248 2677 1309 2736 lieu,
1317 2675 1431 2737 mipater,
1439 2675 1589 2740 inquit,qnid
1599 2677 1673 2740 pietas
1682 2679 1770 2740 pmtuit

178 2753 295 2812 ιύσέόεια
312 2758 355 2833 (s).
374 2753 443 2816 Πότε
465 2757 488 2814 δ’
506 2760 568 2830 ἡμῖν
591 2757 615 2814 oi
629 2754 681 2814 θεοὶ
695 2755 865 2832 βοηθήσουσιν
887 2759 951 2837 (ηρ.
997 2761 1052 2810 tuat
1065 2761 1362 2823 Ecquandodliauaiiium
1374 2761 1628 2812 nobislaturisuntl»
1639 2763 1727 2814 Deinde
1739 2765 1769 2812 ad

179 2839 340 2923 ’Λποδλέψας
362 2840 389 2900 δέ
410 2843 445 2908 είς
458 2841 517 2908 τούς
539 2840 657 2920 Πέρσας,
681 2867 693 2892 ι
718 2838 813 2918 1’Λγεθ’,
832 2841 951 2916 ἱκετεύω,
998 2850 1079 2897 Persas
1092 2849 1419 2910 conversus,«ltcme‚ait,
1431 2848 1555 2910 abducito,
1567 2848 1700 2911 eodemque
1713 2863 1770 2912 regn

177 2927 258 3003 κόμί,
272 2927 339 3008 ἔφη,
352 2919 397 2986 fot
408 2927 621 3006 συνεμπρήσατε·
635 2925 709 3002 κάγδι
719 2928 769 3007 γὰρ
787 2931 859 3005 ὑμῶν
872 2929 951 2988 πολέ-
995 2937 1163 2996 mucronato,
1175 2934 1263 2998 quippe
1279 2934 1342 2984 haud
1354 2935 1433 2984 minus
1443 2948 1517 2996 quam
1528 2939 1595 2997 peter
1608 2936 1679 2985 vestri
1696 2935 1771 2985 bostis

177 3037 235 3088 μιος
244 3015 297 3092 εἰμὶ
306 3017 356 3095 οὐχ
366 3007 443 3086 ἧττον
454 3014 472 3086 ἢ
484 3020 498 3074 ὁ
510 3015 626 3092 πατέρι
637 3014 692 3074 Καὶ
708 3019 722 3074 δ
735 3019 852 3095 Κροῖσος,
864 3045 876 3068 ι
892 3019 951 3078 Oine
995 3035 1057 3072 sum.
1068 3042 1080 3066 ν
1088 3021 1134 3073 sed
1143 3023 1267 3081 Cressa«
1278 3019 1385 3084 Abstine,
1393 3021 1479 3083 inquit,
1488 3021 1621 3084 bisrerbis;
1631 3023 1766 3071 soluseninr

176 3103 256 3178 ὀρθῶς
264 3101 355 3180 λέγεις,
365 3101 426 3183 ἔφη,
439 3103 515 3180 μόνος
524 3101 574 3182 γδιρ
584 3101 635 3180 ἐγὼ
644 3103 688 3161 τὸν
698 3103 811 3178 πόλεμον
819 3101 951 3180 stivam,
996 3111 1090 3174 eqonmt
1107 3107 1197 3158 balium
1215 3109 1298 3170 intuli,
1316 3122 1348 3159 aa
1359 3107 1428 3158 robis
1445 3122 1474 3158 ac
1489 3109 1575 3158 ceteris
1593 3107 1666 3171 Lydis
1682 3123 1769 3170 nemo;

177 3191 250 3264 ὑμῶν
261 3187 288 3246 δέ
303 3189 348 3248 καί
364 3193 416 3248 τῶν
437 3190 523 3248 σίλλων
538 3191 630 3249 Λυδῶν
651 3189 746 3256 οὐδείς·
761 3187 807 3266 spi
828 3189 882 3269 χρὴ
907 3192 951 3249 καί
997 3196 1572 3260 proindenrecapitemeopmnamluereparcet.»
1583 3195 1769 3246 linirnveroado·

176 3273 225 3344 τὴν
238 3276 364 3353 τιμωρίαν
376 3281 511 3355 ὑποσχεῖν.
524 3301 537 3327 a
551 3275 675 3354 Ἐμρυείς
688 3275 716 3334 δέ
728 3279 765 3355 τῷ
776 3275 880 3356 πατρὶδ
892 3299 953 3334 νεα·
996 3285 1087 3334 lassans
1098 3286 1190 3346 patrem
1199 3283 1316 3334 artissime
1326 3283 1450 3345 ampiexus
1459 3283 1538 3332 divelli
1549 3296 1597 3332 non
1610 3285 1717 3344 poterat,
1727 3281 1769 3332 sod

176 3360 263 3425 νίσιιος
273 3361 356 3420 οὐκέτ’
371 3363 511 3442 &picearu-
526 3361 583 3420 ἀλλ’
598 3361 751 3440 ὀδυρόμενος
763 3361 851 3421 οίκτου
862 3362 948 3420 πάντα
996 3369 1091 3420 dursac
1100 3383 1195 3434 gemens
1204 3370 1445 3421 miserationcornnes
1452 3369 1630 3430 commovebat,
1639 3383 1771 3432 sequoqua

176 3448 315 3516 ἐνέπλησεν
341 3449 386 3528 (7),
409 3449 491 3529 ipset<
517 3451 549 3528 (ε)
575 3449 620 3508 καὶ
642 3449 733 3508 ἑαυτὸν
755 3449 827 3526 ἄγειν
847 3449 890 3508 ἐπὶ
904 3451 949 3521 tila
996 3457 1073 3518 ipsum
1084 3457 1138 3505 duci
1149 3457 1274 3520 adrogurn
1288 3457 1375 3518 lubens
1401 3455 1769 3520 «nequamrmmuatmno,

177 3532 269 3612 πυράν.
289 3562 300 3584 ι
322 3535 363 3594 Ού
379 3533 444 3614 γάρ,
463 3536 528 3614 ἔφη,
544 3536 698 3615 λελείψομαι
716 3540 762 3605 τῆς
777 3540 825 3608 σῆς
844 3535 949 3612 μοίρας,
995 3547 1071 3606 pater,
1081 3545 1130 3592 into
1140 3547 1259 3606 superstes
1267 3543 1356 3592 vivam.
1370 3543 1460 3601 Quodsi
1472 3544 1533 3592 torte
1543 3543 1566 3592 tri
1576 3557 1691 3592 nnncme
1705 3557 1770 3593 eree·

175 3609 304 3698 ῶπάτερ.
321 3622 354 3680 Ei
367 3621 393 3678 δὲ
404 3626 448 3679 νῦν
460 3644 492 3696 με
506 3624 553 3680 ούκ
571 3621 707 3694 ἐάσουσιν,
724 3621 792 3680 siit
806 3621 951 3700 προσδέχου
995 3629 1071 3692 bunt,
1085 3633 1110 3680 at
1119 3631 1185 3680 brevi
1197 3631 1221 3680 te
1230 3631 1370 3694 subsequar.
1382 3632 1442 3686 Quas
1451 3630 1576 3692 enimspes
1586 3631 1642 3680 nra
1651 3631 1714 3680 *mliii
1725 3632 1768 3680 ad-

178 3729 211 3781 μι
223 3709 254 3783 (υ)
271 3707 350 3784 ταχύ.
364 3707 412 3774 Τίς
426 3706 464 3764 ἔτι
480 3731 524 3784 μοι
537 3714 581 3766 τοῦ
595 3709 651 3786 βίον
666 3708 753 3788 {iniq
762 3709 788 3776 δς
801 3709 828 3778 ἐξ
841 3708 950 3788 ὅτουπερ
995 3717 1043 3766 truc
1057 3720 1178 3779 superest?
1189 3719 1245 3782 qui,
1263 3731 1294 3766 ex
1312 3730 1361 3779 quo
1371 3717 1395 3766 lu
1411 3717 1488 3768 iucem
1502 3717 1581 3768 cristus
1592 3731 1662 3777 sum,
1676 3732 1770 3781 seraper

175 3793 250 3875 ἔρον,
264 3793 305 3852 άελ
319 3793 366 3872 μέν
386 3795 427 3852 σοί
441 3795 553 3874 λυπηρὸς
573 3788 615 3867 ἦν,
636 3797 675 3854 οέὶ
698 3798 720 3854 δ’
736 3799 852 3876 ἐμαυτῷ·
875 3799 950 3854 εὐτυ·
995 3803 1039 3854 tibi
1049 3804 1205 3868 semitriipse
1220 3805 1335 3856 mumius
1345 3804 1387 3854 tui.
1402 3811 1437 3854 sc
1452 3804 1570 3867 prosperis
1583 3805 1682 3866 quidem
1698 3805 1770 3856 rebus

175 3987 215 4033 τὸν
225 3986 307 4034 Λυδῶν
316 3985 424 4048 βασιλέα.
436 3984 527 4036 ibidem
542 3986 566 4034 in
575 3999 669 4034 summa
682 3987 765 4048 pagine
774 3990 856 4035 notata
864 3991 920 4036 snnt
936 3987 988 4036 irasc
1002 4000 1008 4034 :
1022 3987 1051 4035 Ὁ
1060 3987 1105 4050 γὰρ
1115 3989 1212 4048 Κροῖσος
1225 3985 1263 4034 θοι
1272 3985 1419 4047 στρατεύσειν
1430 3986 1491 4032 κατὰ
1501 3985 1577 4047 Κύρου
1588 3985 1694 4047 ipatius,
1710 3985 1768 4049 ipo·

176 4055 272 4110 τήσαντι
280 4055 320 4102 τδν
329 4055 460 4104 Ἀπόλλωνα
472 4057 492 4104 τί
501 4061 542 4104 τοῦ
551 4057 633 4118 ἐχθροῦ
643 4057 773 4117 περιέσται,
783 4055 807 4118 [ό
816 4053 875 4116 θεὸς]
885 4054 936 4102 εἶπε
946 4071 950 4078 ·
964 4075 975 4096 α
988 4059 1084 4118 Κροῖσος
1095 4056 1162 4104 Ἅλυν
1171 4055 1251 4110 &coba
1267 4055 1369 4116 μεγάλην
1384 4055 1457 4116 ἀρχὴν
1466 4055 1621 4102 καταπαύσει.
1634 4074 1645 4098 ι
1656 4059 1731 4104 Τοῦτο
1739 4055 1768 4113 ἡν

175 4126 292 4186 ἆγνωτον,
303 4125 349 4174 sire
356 4126 398 4183 τὴν
408 4125 496 4174 οἰκείαν
506 4125 551 4174 sire
561 4123 620 4188 [τήν]
629 4131 670 4174 τοῦ
683 4127 777 4188 ἐχθροῦ.
789 4125 858 4172 Ὅθεν
867 4125 1012 4180 scaenicus
1023 4129 1130 4188 Κροῖσυς,
1139 4127 1215 4174 δοκῶν
1223 4126 1266 4181 τὴν
1276 4129 1317 4172 τού
1329 4123 1444 4172 ἀντιδίκου
1456 4125 1529 4187 ἀρχὴν
1536 4125 1682 4183 καταλύσειν,
1694 4139 1766 4172 κατα·

176 4195 255 4242 iaicas
263 4195 304 4251 τὴν
313 4195 401 4243 οἰκείαν
415 4195 502 4258 ἀρχὴν,
512 4195 593 4258 iscipu
606 4195 837 4246 sessonensium
852 4193 970 4242 ofellius:
981 4213 993 4236 ν
1006 4195 1117 4244 llicolaus
1128 4196 1231 4242 multum
1241 4193 1357 4256 discrepat
1369 4206 1382 4240 a
1395 4191 1531 4247 narratione
1543 4193 1675 4242 llerodotea
1689 4196 1711 4252 l,
1722 4199 1767 4255 dn,

175 4263 580 4327 onrueminhumauiiatiscuipama
590 4266 685 4326 cyrola
696 4269 777 4314 Persas
783 4263 906 4312 amelinus.
917 4265 1000 4312 Procul
1008 4263 1081 4312 dubio
1090 4267 1114 4313 et
1121 4263 1161 4312 lric
1170 4263 1290 4312 llantlrum
1300 4261 1389 4323 lydnnr
1397 4263 1453 4311 ante
1460 4262 1633 4311 oerrloslrabnit
1642 4261 1768 4322 lticolaus;

176 4345 233 4380 narn
247 4333 350 4393 ctesias,
363 4333 441 4382 muita
452 4333 558 4395 alioquin
579 4334 711 4395 prodigiosa
727 4345 839 4393 narrans,
858 4331 888 4379 de
901 4345 958 4392 rogo
971 4333 1028 4384 ninii
1041 4335 1128 4392 babet,
1140 4333 1182 4383 sed
1193 4333 1265 4381 reteri
1277 4335 1386 4381 crmsum
1399 4332 1423 4379 in
1435 4331 1543 4380 custodia
1554 4335 1647 4382 butum
1660 4343 1768 4381 asserva-

177 4407 228 4450 tum
238 4416 252 4450 a
262 4405 340 4464 cyro,
350 4405 375 4451 at
386 4416 461 4464 quum
474 4403 589 4452 tonitrum
601 4404 749 4466 itrlminaque
758 4402 894 4462 irruissent,
905 4415 1001 4452 rursum
1013 4404 1084 4454 nataae
1094 4403 1214 4458 solutum.
1224 4404 1327 4462 tumque
1342 4405 1431 4462 cynrm
1445 4401 1482 4448 uix
1496 4400 1591 4449 tandem
1601 4414 1658 4450 eum
1668 4401 1768 4450 miasrrm

177 4473 266 4522 iecisse.
279 4489 292 4514 s
304 4502 334 4513 -
349 4480 368 4521 t.
379 4471 510 4536 clusina]
521 4473 587 4522 deest
598 4473 649 4521 ilaec
664 4487 710 4521 vox
725 4473 749 4521 in
761 4471 829 4521 editt.
844 4477 907 4520 -θ,
919 4473 961 4529 δὶς
972 4471 1043 4524 ἑπτά
1057 4472 1194 4536 linium«
1210 4471 1331 4534 Ἡρόδοτος
1341 4473 1423 4522 Λυδῶν
1433 4471 1465 4526 δίς
1475 4471 1533 4518 ἑπτὰ
1544 4469 1628 4526 παῖδάς
1645 4487 1709 4534 φησι.
1724 4471 1767 4518 ilat

176 4547 234 4600 ῖσως
243 4544 374 4604 mittitis
385 4545 425 4592 ἰαί
435 4545 497 4606 παρὰ
511 4549 545 4607 τῷ
556 4545 665 4608 Νικολάῳ
674 4549 690 4604 ἡ
699 4545 783 4608 γραφή.
798 4565 809 4588 ν
820 4546 913 4594 Conni.
932 4563 944 4586 ι
956 4546 1001 4595 Sed
1015 4544 1076 4594 inira
1089 4543 1176 4592 iterum
1193 4541 1309 4592 trahemus
1322 4561 1328 4589 :
1340 4542 1380 4590 καὶ
1391 4541 1432 4588 σὺν
1450 4539 1514 4600 αύτῷ
1524 4539 1556 4593 δίς
1572 4539 1630 4586 ἑπτά
1649 4539 1740 4587 Λυδῶν.
1755 4559 1766 4580 ν

178 4617 280 4662 onmes.
291 4635 322 4649 -
331 4620 354 4662 t.
370 4619 426 4661 τῶν
442 4613 627 4676 ἀρχομένων]
639 4614 730 4674 Βτιιιιύς
740 4613 795 4675 πρὸς
807 4614 859 4670 τοὺς
870 4614 1010 4676 ἀρχομένους
1024 4613 1114 4674 σοδειι;
1124 4613 1187 4676 παρὰ
1200 4617 1247 4659 τῶν
1263 4611 1315 4674 ἀρχ.
1330 4610 1393 4671 conj.
1405 4607 1521 4657 valesins.
1535 4636 1565 4648 -
1576 4611 1598 4656 t.
1610 4611 1653 4668 ol,
1664 4607 1710 4668 δς]
1721 4609 1769 4655 Va·

177 4682 220 4731 tes.
228 4699 236 4743 ς
245 4685 268 4731 ot
277 4697 305 4729 αν
314 4681 398 4732 mdes.
408 4711 439 4723 -
452 4681 713 4745 aquiescimus]
726 4682 777 4732 Oria
789 4683 884 4746 ἔρρωται
898 4687 925 4734 τὸ
936 4687 1034 4748 χωρίον·
1045 4685 1125 4746 ὤφειλε
1140 4683 1185 4745 γάρ
1202 4681 1333 4740 κάνταῦθα,
1352 4681 1383 4733 ὡς
1401 4679 1424 4726 ἐν
1440 4681 1486 4732 τοῖς
1499 4675 1629 4740 ἐχομένοις,
1645 4682 1769 4733 naaman<

177 4753 263 4811 einais,
276 4753 327 4800 Ποῦ
339 4751 400 4800 ἔστιν
411 4754 427 4809 b
438 4753 469 4810 cl
479 4752 597 4812 saaraim
610 4755 624 4811 ὴ
637 4755 675 4807 Εἰς
687 4753 709 4800 τί
722 4753 835 4814 κρίσιμοι
847 4754 863 4810 ἡ
873 4755 904 4810 σὴ
913 4755 1018 4804 adsidua
1028 4772 1036 4816 ς
1048 4756 1141 4803 conns.
1153 4751 1257 4801 orellius
1268 4748 1390 4812 proposuit
1403 4752 1443 4806 τῆς
1457 4751 1499 4803 σῆς
1511 4745 1635 4801 εύσιύιίας.
1645 4749 1701 4804 ero
1711 4745 1769 4794 nibil

177 4835 237 4882 opus
246 4824 294 4881 est,
304 4821 396 4882 opinor.
406 4821 562 4872 Assimilanda
572 4827 650 4872 nostra
658 4823 709 4872 aliis
721 4821 886 4882 nominativis,
896 4825 938 4885 qnl
949 4828 973 4874 in
985 4821 1196 4874 exclamationibus
1205 4822 1358 4882 usurpantur.
1372 4820 1402 4866 ll.
1415 4815 1521 4864 liattlrins
1532 4820 1638 4865 Gramm.
1648 4813 1663 4877 §
1673 4823 1698 4864 si
1707 4821 1725 4864 i.
1738 4841 1769 4852 -

178 4899 202 4939 n.
217 4891 434 4953 βοηθήσουσιν]
449 4892 569 4950 Vatinium
588 4893 735 4954 βοηθήσωσιν
749 4891 804 4940 uod.
814 4917 845 4928 -
862 4896 886 4942 7.
899 4889 1075 4952 ἐνέπλησεν]
1088 4889 1213 4945 ἀνέπλησεν
1224 4887 1290 4936 dedit
1302 4891 1387 4946 coray.
1404 4883 1462 4933 lnde
1477 4897 1491 4931 a
1509 4883 1588 4932 serbis
1607 4885 1688 4931 tauron
1704 4883 1769 4943 ιἰγειν

179 4959 262 5022 incipit
273 4961 356 5010 lolium
372 4965 411 5008 isi
421 4997 428 5021 ‚
438 4961 502 5022 quod
515 4976 569 5010 curn
580 4963 620 5011 inl.
636 4969 677 5012 its
692 4963 717 5010 in
726 4961 808 5010 cortice
820 4963 987 5025 transpositum
998 4975 1061 5011 nnnc
1073 4961 1151 5008 exstat
1163 4962 1216 5020 pust
1226 4959 1266 5007 tol.
1283 4962 1333 5006 tbi.
1344 4986 1374 4999 -
1383 4961 1404 5005 8.
1415 4953 1524 5016 ἀφιεὶς]
1536 4953 1602 5016 ipset:
1615 4953 1687 5002 noluit
1700 4953 1768 5002 Orrl·

180 5029 233 5078 ilns.
244 5056 275 5066 -
284 5037 307 5079 9.
319 5029 370 5093 με]
383 5035 473 5092 curm
489 5047 527 5092 μοι
539 5031 592 5080 cod.
