3974 5732
436 237 1162 460 AGATHARCiimEs
1204 321 1560 514 ωνωιιιε.

782 608 1192 660 '’⁴⁰⁶—

239 819 423 872 Τεεττειοπιε.
439 814 540 870 Strabo
554 814 631 884 xlv,
651 831 681 886 p.
698 809 776 868 656:
792 809 895 888 Ἀνδρες
909 807 977 877 ἄξιά·
1023 809 1071 878 ξεις
1087 813 1122 878 είς
1133 809 1239 888 λόγους,
1253 809 1406 888 συναγαγεῖν
1418 807 1444 866 δέ
1452 811 1571 890 λύγονείς
1582 808 1661 866 τύπον
1678 806 1802 882 όνόματος

199 899 385 976 λογοι·Κνίδιοι
397 901 499 978 πρῶτον
509 896 558 974 μίν
572 896 715 965 Εὔδοξος...
726 887 773 954 εἶτ’
787 896 976 978 Ἀγαθαρχίδης
1021 897 1120 964 οὐδενὸς
1133 896 1367 976 ένεπιτηδειότερος
1381 887 1417 954 ῶν
1431 893 1515 972 ίσμεν.
1548 896 1601 956 Καί
1619 893 1735 966 ζηλωτὴς
1753 894 1802 972 μέν

128 1007 133 1018 ·
199 989 257 1045 ὑέκ
270 989 322 1044 τῶν
335 983 495 1063 περιπάτων,
510 981 575 1060 ἀνὴρ
591 981 763 1063 συγγραφεύς.
1023 984 1078 1041 ίστι
1090 983 1250 1043 Θουκυδίδου
1263 979 1289 1040 έν
1301 1005 1329 1040 τε
1345 985 1378 1060 τῇ
1394 986 1446 1040 τῶν
1461 983 1627 1060 δημηγοριῶν
1641 981 1763 1064 δαψιλείᾳ
1773 1005 1802 1041 τε

239 1075 355 1130 Photius
363 1073 436 1132 Bibi.
450 1071 516 1128 cod.
530 1071 606 1126 213:
620 1068 781 1142 Ἀνεγνέισθη
792 1067 978 1146 Ἀγαθαρχίδου
1023 1068 1068 1127 καί
1080 1071 1216 1148 διασκευῇ,
1226 1071 1263 1148 τῷ
1276 1068 1406 1148 μεγαλείιρ
1415 1066 1443 1126 δέ
1455 1067 1493 1144 μὴ
1505 1067 1660 1148 δευτερεύων
1669 1076 1713 1128 τοῦ
1723 1071 1801 1146 λόγου

199 1157 377 1236 ἱστορικόν·
399 1155 461 1216 ίνιοι
482 1155 509 1214 δέ
532 1156 610 1214 αθτδν
634 1154 793 1234 Ἀγάθαρχον
815 1151 977 1230 ὀνομάζουσι.
1023 1157 1061 1236 τῷ
1073 1163 1149 1236 σαφεῖ
1161 1155 1318 1232 παρελαύνει
1331 1156 1374 1212 τὸν
1387 1153 1477 1233 ἄνδρα.
1493 1153 1570 1212 Ἀλλά
1584 1153 1635 1233 γάρ
1649 1157 1663 1212 ὑ
1675 1156 1723 1232 μέν
1736 1155 1802 1235 άνῆρ

199 1243 293 1324 Τούτιρ
304 1243 396 1323 πατρίς
408 1241 484 1320 μίνὴ
499 1240 593 1307 Κνίδος
605 1233 645 1312 ῆν,
660 1245 676 1311 ἡ
689 1239 716 1298 δέ
730 1241 809 1319 τέχνη
823 1261 979 1319 γραμματι-
1024 1247 1150 1316 τοιοῦτος,
1166 1241 1210 1300 καί
1221 1241 1250 1300 τδ
1265 1242 1318 1300 diti
1331 1245 1377 1313 τῆς
1393 1243 1579 1320 γραμματικῆς
1593 1240 1661 1319 έχων
1673 1243 1765 1311 κλέος·
1780 1245 1803 1302 ei

201 1329 248 1389 κδν
264 1329 443 1390 έπεδείκνυτο·
458 1323 651 1408 ὑπογραφέαδί
669 1325 715 1386 καί
727 1325 895 1404 ἀναγνώστην
908 1330 922 1384 ὑ
935 1331 980 1385 τοῦ
1025 1326 1051 1385 δὲ
1064 1329 1109 1386 καί
1122 1327 1151 1386 εδ
1165 1333 1210 1399 τῆς
1223 1332 1360 1408 ῥητορικῆς
1371 1327 1506 1403 έπιύνυμον
1523 1329 1591 1407 αύτῷ
1603 1333 1618 1397 ἡ
1632 1328 1669 1403 μὴ
1685 1329 1802 1410 νῆφουοα

200 1415 316 1496 λέμῦρου
327 1418 335 1498 ί
342 1419 355 1473 ό
363 1413 468 1492 Λέμῦος
478 1417 594 1474 cii-ub.
604 1415 614 1493 )
624 1413 809 1492 Ἡρακλείδης,
819 1415 853 1471 δι’
863 1404 899 1471 ῶν
910 1435 981 1494 αυτιρ
1025 1419 1109 1495 ψηφος
1123 1435 1170 1473 ουκ
1181 1419 1299 1488 ῖιτεθετο,
1311 1414 1379 1473 ἀλλά
1390 1413 1441 1492 γδιρ
1453 1413 1540 1491 έμοιγε
1554 1415 1624 1474 δοκεῖ
1639 1415 1711 1474 οὐδέν
1723 1419 1804 1476 έλατ-

201 1502 390 1578 έξυπηρετεῖτο,
399 1499 518 1582 παρέσχε
526 1499 705 1581 γνωρίζεσθαι.
719 1491 772 1562 ’Ἦν
781 1500 810 1560 δέ
819 1501 864 1559 καί
874 1500 981 1579 θρεπτδς
1025 1524 1068 1560 τον
1081 1505 1132 1559 τῶν
1146 1505 1336 1581 γραμματικῶν
1348 1504 1377 1560 οθ
1396 1499 1514 1578 δεύτερος
1529 1499 1546 1570 ῆ
1562 1503 1614 1558 τῶν
1630 1502 1757 1582 ῥητόρων,
1769 1505 1805 1562 δι’

202 1590 336 1650 Κιννοιίου.
1025 1578 1062 1646 ῶν
1079 1587 1124 1646 καί
1138 1586 1230 1668 γράφει
1240 1588 1286 1646 καί
1300 1587 1430 1658 διδάσκει,
1439 1585 1655 1666 καταφαίνεσθαι.

241 1676 346 1757 Γράψαι
361 1675 388 1734 δέ
401 1675 445 1734 τδν
457 1673 538 1754 άνδρα
552 1677 645 1732 τοῦτον
657 1672 696 1732 τά
707 1672 790 1732 κατὰ
804 1673 859 1746 τὴν
874 1673 979 1735 Ἀσίαν
1069 1674 1302 1750 (Agatharchidis
1316 1675 1351 1732 de
1364 1677 1487 1750 Hegesie
1498 1676 1638 1730 scribendi
1652 1695 1755 1750 genere
1761 1679 1806 1750 ju·

201 1762 316 1839 έγνωμεν
332 1765 361 1821 έν
378 1761 520 1842 βιόλίοις
533 1761 559 1818 ι’·
574 1760 619 1819 καί
635 1763 699 1818 τῶν
712 1761 860 1830 κατθτὴν
873 1759 981 1840 Enipei·
1027 1761 1147 1830 dicium,
1163 1762 1242 1835 quod
1256 1781 1291 1818 σε
1314 1761 1476 1836 prffltioue
1494 1761 1531 1816 ad
1553 1762 1657 1818 librum
1675 1765 1806 1835 quintum

201 1871 263 1919 πην
276 1848 306 1907 δέ
318 1850 365 1916 είς
376 1847 398 1906 θ’
413 1847 468 1906 καί
480 1847 507 1923 μ’
519 1847 756 1926 παρατείνεται
768 1849 853 1925 αύτῷ
865 1852 882 1918 ἡ
896 1851 980 1906 ῖστο·
1027 1850 1069 1904 De
1081 1851 1153 1904 εαειέ
1167 1849 1267 1904 Rubro
1277 1849 1396 1904 servavit
1408 1849 1523 1904 Ρῖιοοέυε
1534 1846 1621 1922 (cod.
1635 1848 1727 1926 250),
1740 1852 1807 1908 vide

203 1934 456 2015 ρίαδλλθκαλά
470 1933 981 2012 βιῦλίατὴνἘρυθρθναύτῷπᾶ-
1026 1935 1056 1990 in
1079 1935 1178 2009 fragm.
1196 1937 1319 2010 Hegefl'ae
1338 1937 1368 1990 in
1387 1936 1524 2008 διαέριον.
1544 1953 1640 1992 rerum
1653 1937 1807 1994 Alexandn'

201 2012 980 2101 σανκαὶτδπερίταύτηνέξιστοροῦσι.Τῆνοὺνεῖ·
1027 2023 1066 2078 Μ.
1082 2039 1113 2094 p.
1134 2021 1218 2096 139.)

203 2107 317 2186 ρημένην
332 2107 438 2166 έπασαν
454 2105 606 2188 συγγραφὴν
617 2107 663 2166 καί
675 2106 751 2174 αθτδς
768 2106 812 2166 διεδ
823 2107 892 2166 τέλει
904 2113 950 2166 τοῦ
962 2108 981 2166 ε’
1066 2107 1334 2182 Agatharchides&
1342 2105 1808 2194 εαεε.11υὺε.αγγ,Ρὺοι.οοά.εὑο,

201 2193 324 2271 λόγουείς
332 2193 439 2271 μνήμην
446 2183 982 2274 άνάγει·ένᾷκαίπεπαῦσθαιτοῦγράφειν
1026 2213 1057 2267 p.
1074 2193 1130 2258 445
1145 2212 1162 2248 α
1176 2192 1211 2248 33
1226 2193 1332 2252 neue:
1348 2189 1421 2268 Ἔγέε
1440 2191 1464 2248 δ’
1480 2191 1525 2268 εἶφ’
1540 2195 1572 2260 ἧς
1585 2189 1685 2268 ἡμέρας
1701 2196 1718 2261 ἡ
1737 2193 1807 2272 τύχη

202 2280 245 2338 διδι
258 2281 367 2346 τινάςτε
379 2279 465 2348 αἰτίας
477 2279 575 2352 ἄλλας,
586 2279 631 2338 καί
645 2279 729 2338 ότιτδ
743 2285 789 2352 τῆς
800 2281 904 2353 ἡλικίας
916 2286 982 2340 ἀπο-
1028 2299 1061 2353 μι
1079 2275 1239 2345 κατέστησαν
1252 2275 1390 2355 ίπίεροπον
1404 2281 1449 2334 ταῦ
1467 2275 1588 2353 σώματος
1605 2282 1652 2336 τοῦ
1664 2283 1727 2348 σοῦ,
1749 2279 1808 2338 νίου

202 2366 285 2426 κλίναι
297 2366 362 2448 πρὸς
375 2366 405 2424 τὸ
418 2364 521 2445 ίξωρον.
537 2365 613 2436 miv
632 2389 662 2444 γε
684 2367 748 2424 εῖσίν
761 2364 790 2426 οί
802 2390 880 2446 φασιν
904 2368 982 2428 αὑτὸν
1028 2365 1160 2429 παντελῶς
1173 2361 1260 2438 όντος,
1273 2363 1318 2424 καί
1332 2367 1379 2436 τῆς
1392 2361 1455 2435 ὅλης
1469 2362 1620 2442 βασιλείας,
1640 2365 1686 2422 ἄπ’
1707 2364 1809 2437 έκείνης

202 2453 248 2512 καί
260 2453 349 2531 ἑτέρας
363 2451 569 2532 συγγεγραφέναι
586 2453 782 2532 πραγματείας,
797 2446 834 2514 ῶν
849 2458 925 2530 ἡμεῖς
936 2457 982 2514 ού·
1028 2451 1100 2518 εύθὺς
1113 2451 1196 2528 μέγαν
1207 2453 1312 2531 ῖμαυτῷ
1325 2451 1403 2510 πόνον
1413 2449 1552 2509 ίπέῦαλον.
1563 2449 1630 2510 Τίνα
1642 2456 1746 2522 τοῦτονς
1755 2454 1808 2519 τοῖς
1828 2523 1836 2534 ⁶

203 2539 264 2598 δένα
278 2539 451 2618 (ούδεμέανῖ)
466 2538 567 2598 ούδέπω
576 2539 662 2614 ίσμεν.
678 2539 858 2616 Ἐπιτομῆν
868 2541 895 2599 δέ
906 2541 983 2600 αὐτόν
1029 2538 1093 2617 πρὸς
1105 2536 1202 2609 ῆδονὴν
1216 2539 1349 2614 ὁμιλοῦσιν
1362 2540 1539 2596 ίναντιοῦσθαι
1556 2537 1602 2595 καὶ
1616 2537 1802 2617 δυσχεραίνειν,

203 2647 267 2704 φασι
280 2628 342 2682 τῶν
358 2623 433 2702 περὶ
449 2629 504 2694 τῆς
519 2623 677 2704 Ἐρυθρᾶς
697 2628 861 2696 θαλάσσης
883 2633 981 2706 θναγε-
1029 2631 1075 2684 σοῦ
1085 2629 1187 2705 πρῶτον
1198 2625 1276 2683 αὑτοῦ
1286 2625 1496 2705 περιαιρούμενος
1508 2626 1538 2684 ού
1552 2623 1600 2694 τῆν
1612 2624 1728 2692 ἐξουσίαν
1739 2625 1808 2684 ἀλλὰ

203 2710 360 2790 γραμμένων
370 2712 402 2768 έν
413 2711 460 2770 ivi
469 2711 591 2780 συντάξαι
605 2716 620 2790 β
630 2711 698 2769 ιόλί
703 2735 733 2790 ιρ,
743 2711 788 2770 καί
800 2711 903 2788 μῆνκαί
912 2737 948 2772 πε
956 2718 984 2794 pi
1029 2711 1075 2782 τῆν
1086 2713 1200 2789 ἄγνοιαν,
1209 2709 1253 2770 ίνα
1263 2714 1315 2770 τῶν
1328 2711 1457 2772 τοσούτων
1468 2715 1571 2789 ἀγαθῶν
1583 2716 1681 2792 φρονῶν
1692 2713 1810 2773 ἀπολαύ-

203 2798 431 2876 τρωγλοδυτῶν
447 2795 561 2874 βιδλία
576 2795 605 2870 ε’,
620 2795 688 2856 έλλδι
699 2796 744 2856 καί
763 2796 918 2874 ῖπιτομῆν
929 2805 984 2872 τῆς
1030 2822 1085 2875 σης,
1098 2799 1135 2876 μὴ
1148 2799 1338 2878 διαμαρτάνων.
1354 2802 1439 2860 Τοῦτο
1450 2797 1500 2878 γδιρ
1512 2800 1617 2870 ἐζήτουν
1629 2800 1726 2878 πατρδς
1738 2799 1808 2880 έχων

204 2883 398 2962 Ἀντιμάχου
419 2882 539 2956 Λύδης,
557 2883 603 2942 καί
624 2883 702 2942 πάλιν
725 2883 806 2954 άλλην
828 2885 985 2964 ἐπιτομὴν
1030 2885 1129 2944 εὔνοιαν
1150 2885 1244 2964 χρόνου
1267 2887 1474 2965 στοχαζομένην,
1493 2889 1522 2946 σύ
1543 2886 1654 2953 κόλακος
1675 2890 1809 2967 εἰρωνείαν

203 2973 264 3028 τῶν
279 2969 558 3050 συγγεγραφότων
571 2970 645 3050 περί
660 2975 849 3048 συναγωγῆς
862 2977 985 3050 θαυμα-
1029 2975 1112 3052 καιρῷ
1131 2973 1353 3052 πρυσομιλοῦσαν.
1366 2965 1435 3034 Οἶδα
1447 2972 1513 3054 γάρ,
1527 2973 1700 3052 πρεσόύτερος
1711 2971 1747 3032 ῶν
1763 2975 1809 3034 καί

205 3055 284 3114 σίων
295 3055 431 3133 ἀνίμων,
445 3056 582 3133 έκλογάς
595 3079 628 3116 τε
638 3058 794 3136 ίστοριῶν
804 3059 880 3118 αύτδν
891 3059 983 3118 συντά·
1029 3059 1132 3116 πολλῶν
1150 3057 1271 3135 ἔμπειρος
1293 3059 1404 3136 γεγονὼς
1419 3058 1592 3138 πραγμάτων,
1612 3059 1655 3118 διδ
1673 3060 1732 3127 τοὺς
1754 3067 1808 3120 θευ-

205 3139 260 3214 ξαι,
273 3142 318 3200 καί
331 3142 406 3222 περί
421 3145 477 3212 τῆς
488 3145 687 3222 προσφιλοῦς
698 3143 838 3219 δμιλίας.
1029 3143 1116 3202 πεύειν
1132 3145 1351 3222 έπιόεόλημένους
1364 3145 1421 3213 τοὺς
1437 3149 1463 3204 έν
1476 3150 1532 3212 ταῖς
1543 3149 1686 3228 ὑπεροχαῖς
1701 3147 1746 3205 καί
1760 3146 1808 3213 τῖς

244 3223 325 3287 Ἐστι
341 3226 382 3298 δέ,
395 3227 421 3296 ii
437 3219 473 3286 ῶν
487 3227 532 3286 τδν
549 3227 630 3307 άνδρα
646 3226 703 3292 τοὺς
719 3227 811 3305 λόγους
824 3231 902 3287 αὑτοῦ
917 3231 985 3288 διελ-
1030 3231 1152 3309 μεγίστας
1169 3231 1304 3320 βασιλεέαγ
1320 3232 1401 3312 ἄρδην
1420 3233 1597 3311 ἀνῃρημένας,
1615 3233 1663 3302 τῆν
1678 3233 1809 3294 Κασσάν-

206 3313 291 3378 θόντες
310 3312 470 3390 έπέγνωμεν,
492 3312 695 3392 μεγαλοπρεπής
713 3335 742 3370 τε
758 3314 804 3372 καὶ
827 3319 986 3393 γνωμολογι-
1030 3319 1104 3397 δρου,
1115 3317 1162 3388 τὴν
1174 3319 1343 3398 Λυσιμάχου,
1354 3319 1402 3390 τῆν
1414 3319 1581 3398 Ἀλεξάνδρου
1591 3321 1752 3392 τηλικαύτην
1767 3313 1809 3380 ού·

206 3398 264 3470 κδς,
284 3399 329 3456 καῖ
348 3403 385 3479 τῷ
404 3399 451 3474 μέν
465 3404 510 3458 τοῦ
524 3397 601 3477 λόγου
614 3397 716 3477 μεγέθει
728 3399 773 3458 καὶ
791 3400 920 3478 άξιιόματι
933 3408 984 3463 τῶν
1029 3428 1090 3480 σαν,
1106 3403 1153 3475 τῆν
1165 3405 1273 3476 Μήδων,
1287 3405 1334 3476 τῆν
1347 3407 1448 3484 Σύρων,
1464 3406 1512 3470 τόν
1526 3410 1645 3486 Περσῶν,
1657 3406 1725 3466 ῶστε
1740 3407 1807 3483 μηδέ

206 3485 293 3544 άλλων
308 3489 407 3560 μᾶλλον
420 3485 534 3565 χαίρων,
554 3485 637 3554 λέξεσι
650 3485 738 3561 μέντοι
749 3481 857 3566 λογάσιν
872 3491 902 3548 οὑ
915 3491 984 3548 πάνυ
1030 3491 1134 3569 σπέρμα
1148 3494 1349 3573 καταλελεῖφθαι
1361 3499 1407 3552 τοῦ
1416 3493 1505 3571 γένους
1516 3498 1575 3552 κτλ.
1583 3500 1658 3571 Lege
1667 3500 1750 3553 etiam
1758 3517 1808 3553 an·

205 3571 429 3652 προστεθειμένος,
441 3571 499 3631 οὐδέ
511 3570 554 3630 διίι
563 3575 615 3630 τῶν
629 3571 725 3648 ίθίμων
738 3573 765 3630 δέ
776 3573 819 3632 διδ
830 3575 926 3643 παντὸς
936 3599 984 3634 πο-
1030 3582 1198 3652 ῑεοειλειιοία,
1210 3601 1271 3656 quae
1281 3583 1318 3638 ad
1327 3583 1449 3639 eundem
1457 3586 1616 3658 principem
1629 3602 1750 3658 puerum
1763 3585 1810 3640 di-

209 3659 356 3736 ρευόμενος,
367 3663 461 3736 γεννῶν
476 3658 503 3718 δὲ
515 3658 591 3726 αύτδς
602 3661 631 3718 ού
643 3659 737 3733 λέξεις,
749 3663 808 3719 ἀλλ’
822 3661 847 3720 εί
856 3685 894 3730 τις
908 3663 985 3731 ἄλλος
1028 3677 1104 3721 recta
1118 3679 1193 3723 sunt.

208 3745 361 3824 δημιουργός
373 3751 420 3817 τῆς
437 3747 496 3824 περί
510 3745 556 3813 τδς
576 3745 655 3814 λέξεις
676 3748 809 3827 χρήσεως,
821 3751 913 3820 καινήν
926 3775 984 3810 τινα
1068 3753 1146 3808 Idem
1155 3754 1226 3810 ibid.
1237 3773 1267 3828 p.
1282 3755 1337 3820 460
1347 3755 1366 3809 b
1376 3755 1392 3810 3
1402 3757 1488 3812 Beki.
1504 3755 1564 3814 :Ti
1575 3754 1621 3826 μέν
1632 3747 1675 3812 οὑν
1684 3756 1748 3834 ὑπέρ
1757 3761 1810 3815 τῶν

208 3829 246 3906 μὴ
264 3839 365 3897 καιναῖς
383 3831 544 3910 κεχρημένος
562 3833 646 3902 λέξεσι
664 3835 810 3915 φαντασίαν
829 3835 984 3910 πέμπουσαν
1030 3839 1108 3895 ἐθνῶν
1129 3841 1181 3896 τῶν
1200 3839 1354 3915 ἐκκειμένων
1377 3841 1440 3918 πρδς
1459 3841 1637 3921 μεσημόρέαν,
1657 3845 1694 3909 ιὺς
1713 3835 1745 3916 ῆν
1769 3843 1810 3917 ἐφ’

208 3919 330 3975 ἀποτελεῖ
343 3916 390 3988 τῆν
403 3918 514 3998 φράσιν·
526 3919 636 3978 οὑτωδέ
656 3925 794 4002 προσφυῶς
808 3923 985 3982 ὑποόάλλεται
1029 3929 1102 3995 ἡμῖν,
1114 3925 1141 3981 έν
1155 3924 1232 3983 πέντε
1246 3925 1354 4003 βιόλίοις
1366 3929 1496 4005 ἐπιμελῶς
1504 3929 1691 4008 ἱστορήκαμεν·
1701 3929 1768 4010 ὑπέρ
1781 3929 1809 3989 δέ

208 4003 255 4072 τῆν
266 4003 368 4082 πρᾶξιν,
379 4003 470 4074 ῶςτήν
479 4027 507 4063 τε
522 4008 688 4082 καινοτομίαν
702 4007 740 4086 μῆ
754 4009 839 4066 δοκεῖν
850 4001 917 4074 εἶναι
926 4033 985 4068 και·
1030 4015 1082 4069 τῶν
1095 4014 1121 4068 έν
1134 4011 1243 4089 πελάγει
1256 4012 1342 4083 νήσων
1364 4013 1469 4092 ὕστερον
1483 4017 1683 4096 τεθεωρημένων
1696 4017 1742 4075 καί
1757 4021 1810 4076 τῶν

159 4079 164 4090 ’
208 4088 340 4164 νοτομίαν,
351 4088 395 4146 καί
405 4088 435 4147 τό
445 4087 524 4170 σαφές
536 4093 583 4149 ούκ
592 4090 700 4152 ἔλαττον
711 4097 763 4170 τῶν
775 4093 801 4162 δέ
811 4093 883 4162 έθους
892 4095 985 4164 λέξεων
1030 4099 1141 4170 εὐωδῶν,
1150 4099 1199 4156 όσα
1211 4097 1296 4178 φέρειν
1306 4099 1444 4178 συμόαίνει
1455 4101 1503 4172 τῆν
1515 4105 1697 4182 Τρωγλοῶτιν
1708 4103 1811 4184 χῶραν,

208 4175 344 4255 παρέχειν.
364 4175 502 4255 Κέχρηται
522 4175 550 4236 δέ
564 4177 609 4236 καί
630 4179 747 4257 γνώμαις
765 4180 795 4239 τδ
810 4175 927 4262 νουνεχές
941 4183 986 4240 καὶ
1030 4189 1105 4261 ἡμεῖς
1120 4183 1166 4260 μέν
1180 4186 1407 4264 παραιτησάμενοι
1420 4186 1469 4256 τῆν
1483 4187 1604 4266 δὶήγησιν
1616 4179 1697 4268 ἄρδην
1712 4193 1811 4250 σἰπολε-

208 4262 362 4341 δραστῆριον
375 4263 565 4333 ίπιδηλούσαις.
606 4266 713 4342 Τροπδς
727 4266 754 4326 δέ
768 4271 900 4346 ὑπελθεῖν,
911 4269 936 4328 εί
947 4293 985 4335 τις
1030 4271 1170 4348 λοίπαμεν,
1183 4274 1242 4330 οὔτε
1251 4273 1294 4330 τόν
1307 4272 1384 4332 πόνον
1393 4278 1439 4344 τῆς
1452 4274 1553 4345 ἡλικίας
1566 4275 1661 4349 ὁμοίως
1671 4277 1811 4357 ὑποφέρειν

210 4347 300 4420 ἄλλος,
312 4347 407 4426 ἄριστα
418 4350 660 4427 παρεσκευασμένος
669 4353 699 4410 τδ
711 4352 758 4430 μέν
769 4355 819 4426 ηδὺ
831 4355 876 4413 καί
891 4359 985 4426 κηλοῦν
1030 4359 1185 4432 δυναμένης,
1196 4361 1298 4416 πολλῶν
1311 4359 1373 4434 ἡμῖν
1385 4360 1450 4439 ὑπέρ
1463 4384 1490 4418 τε
1502 4365 1548 4431 τῆς
1565 4361 1693 4440 Εὐρώπης
1705 4364 1750 4421 καὶ
1763 4369 1811 4436 τῆς

210 4433 256 4490 καί
269 4433 316 4503 τὴν
334 4433 421 4514 ψυχὴν
442 4435 546 4515 διαχέαν
565 4437 709 4508 λεληθότως
723 4440 754 4498 δι’
768 4439 829 4499 όλου
844 4442 986 4520 διασπείρει
1032 4442 1119 4509 Ἀσέας
1136 4444 1387 4522 ἀναγεγραμμένων,
1403 4445 1462 4504 οὔτε
1474 4451 1524 4506 τῶν
1538 4447 1754 4524 Ὑπομνημάτων
1766 4449 1811 4509 διά

208 4525 253 4576 τοῦ
265 4520 431 4598 γράμματος,
444 4525 480 4589 είς
493 4521 591 4602 τροπὴν
603 4525 629 4582 δέ
643 4523 683 4583 δτι
697 4527 900 4605 παρενήνεκται,
914 4530 986 4588 οὔδε·
1031 4527 1076 4594 τέις
1099 4531 1158 4587 κατ’
1173 4531 1304 4606 Ἀίγυπτον
1319 4532 1475 4599 ἀποστάσεις
1492 4535 1589 4611 α’κριόῦΙ
1611 4536 1807 4614 παραδιδόντων

183 4629 190 4642 ·
209 4605 272 4679 μίαν
281 4607 366 4678 λύπην
379 4609 508 4679 δηλοῦσαν
521 4611 623 4690 ἀφίησι.
637 4613 712 4670 [Ιοιεῖ
724 4612 751 4671 δέ
763 4617 834 4694 αὐτῷ
848 4621 923 4674 τοῦτο
934 4616 986 4691 μά·
1031 4617 1130 4695 σκέψιν.
1142 4618 1184 4674 cf.
1197 4621 1233 4674 H.
1246 4618 1387 4674 Dodweil.
1399 4619 1511 4679 Dissert.
1526 4627 1568 4678 De
1578 4633 1652 4678 εοεαε.
1666 4627 1770 4697 Agath.
1779 4626 1811 4681 in

208 4693 286 4749 λιστα
300 4693 358 4770 οὐχί
374 4697 390 4764 i
404 4699 455 4752 τῶν
468 4695 561 4764 λέξεων
577 4695 644 4768 αὐτῆ
657 4697 715 4755 καθ’
729 4697 824 4770 ὑαιντλν
835 4699 986 4775 μεταάολὴ,
1030 4705 1133 4778 Geogr.
1148 4703 1276 4762 Hudson.
1293 4715 1362 4760 tom.
1379 4707 1421 4774 11,
1432 4725 1463 4780 p.
1481 4708 1518 4778 67
1532 4728 1594 4782 sqq.
1610 4711 1637 4766 J.
1655 4711 1689 4768 G.
1706 4713 1809 4786 flager.

210 4777 269 4834 ἀλλ’
287 4781 304 4848 ἠ
325 4778 377 4836 ἀπό
391 4781 554 4860 πραγμάτων
576 4782 669 4864 ἐτέρων
683 4785 719 4850 είς
738 4783 814 4864 έέερα
836 4787 902 4861 μετά
920 4810 987 4853 τινος
1032 4793 1074 4845 De
1090 4779 1364 4864 Agath.,Chemnitz.
1383 4791 1510 4861 1766,4.

210 4867 291 4941 σοφῆς
305 4863 350 4920 καί
367 4867 496 4944 ἠρεμαίας
515 4869 717 4948 μεταχειρίσεως
736 4871 880 4944 μετάόασίς
894 4895 923 4930 τε
943 4874 987 4932 καὶ
1070 4877 1245 4930 Τεειέεποειίῖε
1263 4877 1339 4932 hisce
1355 4897 1444 4950 pauca
1457 4881 1602 4952 quaedam,
1624 4901 1686 4954 φιτ
1700 4885 1736 4940 ad
1758 4903 1813 4940 nos

211 4947 372 5026 μετατροπδ.
387 4950 464 5010 Ἀλλὰ
476 4953 526 5032 γὰρ
537 4953 583 5012 καῖ
593 4954 741 5012 άντιλαόεῖν
751 4955 798 5031 μὲν
809 4957 891 5032 ὄνομα
902 4957 986 5036 ῥῆμα·
1031 4963 1160 5034 proxime
1173 4972 1312 5034 speciant,
1327 4963 1473 5033 subjecisse
1485 4967 1550 5020 satis
1568 4969 1669 5025 habeo.
1687 4974 1727 5022 Ac
1747 4973 1811 5041 μεῖ-

211 5053 267 5104 τος,
279 5037 390 5113 ἀμεῖψαι
401 5037 427 5094 δέ
439 5038 468 5096 τό
483 5043 554 5117 ῥῆμα
571 5043 607 5106 εἰς
621 5041 719 5115 ὄνομα,
734 5043 778 5098 καῖ
790 5044 867 5100 λῦσαι
881 5044 928 5118 μὲν
942 5046 985 5102 λε’-
1032 5067 1109 5102 mum
1124 5048 1239 5120 quidem
1253 5048 1331 5120 qnod
1343 5059 1451 5104 πῑεοσεει
1465 5053 1680 5126 Agatharchidis
1697 5057 1809 5128 attinet,
