3886 5740
709 303 712 309 ’
813 325 1061 388 suasurum.
1261 281 1268 291 ⁸
1688 337 1745 390 ιιι

141 459 264 515 tlriorum
278 457 439 531 exemplum
452 459 668 514 concionantem
677 461 849 526 Romanum,
868 459 918 531 qui
966 461 1099 534 colligere
1111 459 1223 515 videtur
1235 461 1398 516 lllannertus
1408 457 1416 536 ί
1425 461 1522 533 Geogr.
1534 463 1568 531 V,
1580 480 1646 535 a,p.
1661 459 1745 536 296),

140 548 171 602 id
187 546 278 602 ioedus
302 547 458 618 quominus
474 543 572 619 fieret,
595 545 733 619 impedire
753 547 916 604 studeret.»
966 547 1045 619 quod
1057 559 1183 621 posteaa
1207 549 1311 604 Severo
1332 550 1439 603 munita
1461 567 1621 622 magnoque
1632 551 1745 606 honore

140 637 294 690 Ηεειειιιιι.
313 667 350 680 -
364 630 463 707 Λοιμδν
477 632 536 689 κτλ.
550 637 560 702 ]
578 659 590 682 α
606 634 641 687 Et
653 633 703 687 has
717 633 831 705 quidem
849 651 919 688 con·
966 646 1007 690 est
1019 635 1118 690 allecta
1130 635 1139 709 i
1149 637 1202 690 Dio
1215 637 1287 693 Cass.
1299 637 1411 706 lxxv,
1427 635 1443 690 3
1458 633 1478 712 )
1495 661 1507 686 ν
1526 639 1623 696 rinna.

141 724 236 778 ciones
255 719 333 776 fictas
352 721 388 776 ab
409 721 462 775 isto
486 737 558 788 esse,
586 719 704 776 dubium
730 739 787 775 esse
810 721 919 793 nequit.

141 809 329 864 Pestilentiam
351 818 445 862 autem
460 809 514 862 hoc
530 808 636 862 bellmn
663 827 727 862 curn
750 809 814 874 illo,
842 807 921 880 quod
1128 793 1410 854 ΚΑΛΛΙΜΟΡΦΟΣ
1431 795 1582 856 ΙΑΤΡΟΣ.

140 895 317 969 Thucydides
335 894 533 968 descripserat,
555 913 650 950 revera
669 913 851 950 communem
870 895 922 948 ha·
1340 927 1355 958 2

140 981 921 1056 buit,quanquamlongedive1soetortuetincremento,
1340 966 1368 983 ⁰'

141 1071 213 1128 adeo
225 1082 257 1125 ut
269 1071 306 1126 ad
318 1069 532 1126 describendam
544 1088 605 1125 eam
617 1071 732 1126 minime
744 1071 836 1126 verbis
847 1072 922 1125 Thu·
974 1118 978 1124 ,
1008 1065 1087 1122 Idem
1101 1087 1125 1124 c.
1148 1067 1182 1122 ι6
1206 1062 1320 1131 ιἌλλος
1341 1063 1369 1122 δέ
1384 1087 1424 1132 τις
1436 1069 1521 1124 αὐτῶν
1535 1068 1679 1144 ὑπόμνημα
1694 1073 1747 1130 τῶν

142 1157 268 1232 cydideis
282 1159 324 1212 uti
346 1159 447 1230 aliquis
467 1167 569 1230 posset.
594 1157 694 1230 Neque
711 1159 800 1226 enim,
821 1169 853 1212 ut
875 1157 923 1212 illa
968 1150 1110 1226 γεγονότοιν
1129 1151 1227 1228 γυμνὸν
1242 1150 1396 1230 συναγαγὼν
1416 1154 1442 1212 ἓν
1463 1160 1550 1236 γραφῇ
1572 1159 1667 1233 κομιδῆ
1690 1182 1742 1217 πε-

141 1247 338 1320 ap.Tl1uc.ll,
354 1244 407 1314 48,
420 1247 449 1299 ιιι
462 1245 604 1319 AEtlriopia
617 1258 681 1301 nata
692 1257 746 1314 est,
765 1245 814 1301 sed
829 1247 858 1299 in
870 1249 923 1304 lla·
969 1237 1011 1307 ζὀν
1029 1238 1074 1296 καὶ
1093 1237 1271 1316 χαμαιπετές,
1296 1230 1349 1298 οἷον
1363 1239 1408 1298 καὶ
1431 1243 1590 1320 στρατιώτης
1612 1245 1642 1309 άν
1659 1271 1697 1312 τις
1713 1247 1747 1305 τὰ

141 1334 269 1407 λιγίοιιίε,
283 1344 316 1387 ut
327 1334 366 1388 ait
377 1333 435 1390 Jul.
449 1333 570 1405 Capitol.
585 1333 642 1390 Vit.
658 1333 724 1388 Veri
739 1352 764 1390 c.
782 1331 815 1398 8,
833 1334 882 1388 ubi
893 1336 923 1389 in
969 1326 1026 1387 καθ’
1060 1325 1162 1406 ἡμέραν
1200 1327 1414 1407 ἀπογραφόμενος
1442 1329 1579 1403 συνέθηκεν
1605 1331 1622 1402 ἣ
1649 1333 1746 1395 τέκτων

143 1422 248 1495 templo
269 1420 408 1492 Apollinis
420 1437 455 1475 ex
472 1420 567 1474 arcula
586 1437 689 1487 aurea,
702 1421 731 1473 in
742 1437 827 1492 quam
844 1421 924 1476 miles
968 1415 985 1487 ἢ
1000 1415 1118 1486 κάπηλός
1132 1438 1169 1480 τις
1185 1420 1395 1495 συμπερινοστῶν
1408 1421 1440 1496 τῇ
1454 1429 1572 1499 στρατιᾷ.
1590 1418 1662 1490 Πλὴν
1679 1423 1747 1482 ἀλλὰ

143 1507 378 1576 iorteincidisset,
389 1509 520 1581 spiritum
532 1507 707 1579 pestilentem
716 1509 829 1562 evasisse
838 1520 923 1580 atque
970 1500 1138 1581 μετριώτερός
1152 1527 1181 1580 γε
1197 1507 1211 1562 θ
1224 1503 1326 1576 ἰδιώτης
1346 1496 1418 1572 οὗτος
1440 1498 1481 1578 ἦν,
1501 1507 1578 1574 αὐτὸς
1592 1508 1638 1584 μὲν
1653 1512 1747 1570 αὐτίκα

142 1595 209 1652 inde
218 1597 337 1660 Parthos
346 1597 501 1668 orbemque
513 1595 641 1668 implesse
651 1593 728 1650 dicit.
741 1595 840 1668 Neque
850 1597 923 1652 inter
970 1593 1047 1660 δῆλος
1061 1588 1096 1647 ῶν
1111 1581 1163 1658 οἶος
1177 1582 1221 1667 ἦν,
1244 1591 1317 1671 ἄλλῳ
1336 1591 1364 1649 δέ
1377 1615 1428 1651 τινι
1441 1595 1559 1674 χαρίεντι
1574 1596 1619 1653 καί
1639 1599 1748 1670 δυνησο-

143 1686 314 1744 Partborum
328 1683 397 1740 fines
411 1686 553 1759 constitit,
564 1683 614 1738 sed
624 1685 745 1738 Romam
756 1701 845 1757 usque
854 1703 923 1758 per-·
970 1677 1041 1757 μένῳ
1053 1677 1171 1755 ἱστορίαν
1189 1677 1422 1757 μεταχειρίσασθαι
1435 1683 1648 1758 προπεπονηκώς.
1664 1688 1749 1746 Τοῦτο

142 1776 241 1843 tinuit,
255 1791 363 1848 perque
374 1781 465 1828 totum
478 1773 577 1828 orbem
591 1773 753 1827 Romanum
769 1782 924 1828 [antaeum
969 1765 1046 1842 μόνον
1060 1763 1212 1845 ᾐτιασάμην
1229 1767 1323 1838 αὐτοῦ,
1338 1765 1379 1823 ὅτι
1400 1765 1480 1832 οὕτως
1499 1767 1631 1850 ἐπέγραψε
1651 1774 1684 1829 τδι
1708 1779 1749 1852 βι-

144 1861 316 1916 vehementia
327 1870 448 1934 grassata
459 1870 500 1914 est
512 1901 521 1932 ,
535 1869 567 1914 ut
577 1859 713 1914 vehiculis
723 1859 859 1914 cadavera
870 1861 925 1914 sint
969 1853 1032 1912 όλία
1046 1852 1235 1933 τραγικώτερον
1256 1851 1273 1923 ἢ
1298 1851 1367 1911 κατὰ
1390 1853 1437 1924 τὴν
1457 1857 1508 1912 τῶν
1534 1860 1748 1936 συγγραμμάτων

143 1958 290 2022 exportata
303 1947 493 2022 sarracisque,
519 1957 547 2001 et
566 1948 655 2002 multa
668 1947 815 2001 bominum
836 1949 924 2004 millia
969 1939 1086 2020 τύχηνα
1102 1941 1348 2020 Καλλιμόρφου
1364 1941 1748 2020 ἰατροῦτῆςτῶνκοντο-

144 2053 179 2090 eo
193 2035 297 2090 morbo
313 2045 546 2090 consumerentur
560 2045 585 2090 et
600 2036 682 2090 multi
701 2053 734 2090 ex
745 2034 923 2108 proceribus,
969 2030 1079 2109 φόρων
1094 2027 1195 2097 ίκτης
1209 2031 1367 2102 ἱστοριῶν
1384 2031 1561 2108 Παρθικῶν
1581 2032 1647 2090 »καὶ
1659 2035 1749 2113 θπιγί·

144 2121 252 2194 quode
269 2123 327 2178 Jul.
344 2123 435 2195 Capit.
452 2123 509 2182 vit.
530 2125 567 2180 lt.
580 2125 717 2180 Antonin.
734 2141 759 2178 c.
777 2121 811 2177 13
827 2131 855 2176 et
869 2121 923 2176 Lu·
968 2137 1070 2195 γραπτο
1081 2115 1180 2192 ἑκάστῃ
1194 2119 1208 2174 ὁ
1220 2115 1340 2195 ἀριθμός·
1352 2114 1397 2173 καὶ
1411 2115 1442 2186 νὴ
1451 2117 1501 2174 Δία
1510 2117 1556 2176 καί
1565 2119 1599 2178 πὸ
1612 2123 1748 2200 προοίμιον

144 2210 216 2265 ciau.
230 2207 382 2267 Pseudom.
407 2227 434 2265 c.
457 2207 493 2264 36
517 2210 590 2264 bene
613 2210 731 2265 Solunus
750 2207 921 2264 observavit.
969 2202 1136 2285 ὑπέρψυχρον
1149 2203 1270 2274 ἐποίησεν
1288 2201 1369 2270 οὕτως
1384 2203 1551 2282 συναγαγών·
1567 2210 1660 2267 olarios
1682 2201 1748 2269 εἶναι

143 2295 252 2368 Quodsi
273 2295 336 2368 quis
353 2297 456 2368 scripta
474 2297 532 2351 haec
551 2314 608 2352 esse
622 2297 835 2351 esistirnetante
847 2298 923 2352 luem
969 2295 1050 2373 ίατριῖι
1073 2291 1190 2372 ἱστορίαν
1214 2291 1382 2372 συγγράφειν,
1398 2291 1421 2351 εί
1440 2315 1470 2368 γε
1490 2297 1504 2351 θ
1525 2293 1679 2367 Ἀσκληπιὸς
1701 2301 1748 2374 μὲν

143 2385 219 2438 illam
229 2383 311 2438 latius
321 2393 517 2456 propagatam,
529 2393 562 2438 ut
576 2401 660 2456 quam
668 2385 700 2439 L.
711 2385 800 2438 Verus
809 2383 922 2439 demum
969 2381 1133 2446 Ἀπολλωνος
1148 2380 1216 2452 υἱὸς,
1229 2379 1362 2438 Ἀπόλλων
1377 2381 1405 2438 δὲ
1416 2380 1590 2458 Μουσηγέτης
1602 2385 1646 2443 καί
1661 2386 1749 2459 πάσης

144 2473 174 2526 in
184 2489 230 2526 aas
241 2472 415 2543 provincias,
428 2489 481 2543 pcr
494 2489 563 2543 quas
572 2470 701 2538 redierit,
711 2489 803 2526 secum
813 2470 924 2528 deferre
969 2467 1089 2536 παιδείας
1100 2468 1203 2546 άρχυιν·
1218 2467 1263 2526 καί
1276 2467 1315 2525 ότι
1328 2467 1469 2546 ἀρξάμενος
1480 2472 1506 2528 ε’ν
1523 2475 1555 2551 τῇ
1568 2470 1634 2531 Ἰάδι
1643 2473 1749 2554 γράφειν

143 2559 217 2613 risus
229 2559 279 2626 sit,
295 2555 372 2612 haud
397 2575 461 2612 sane
476 2559 499 2611 is
523 2559 614 2630 inepte
630 2569 749 2628 statuat,
770 2562 923 2632 praesertim
969 2557 1016 2614 οὐκ
1026 2547 1082 2614 οἶδα
1095 2555 1110 2614 ό
1119 2580 1144 2614 τι
1158 2555 1233 2624 δόξαν
1243 2555 1336 2614 αὐτίκα
1347 2555 1420 2630 μάλα
1431 2553 1474 2613 ἐπὶ
1487 2555 1534 2626 τὴν
1546 2559 1634 2627 κοινὴν
1650 2563 1750 2634 μετῆλ-

144 2664 233 2719 quum
257 2645 332 2698 bunc
353 2646 443 2714 ipsum
464 2645 591 2700 libellum
612 2655 676 2700 aute
696 2642 764 2700 belli
783 2645 889 2698 exitum
907 2665 924 2702 a
969 2646 1022 2716 θεν,
1040 2643 1153 2722 ἰητρείην
1167 2643 1213 2720 μέν
1227 2643 1310 2720 λέγων
1323 2643 1368 2701 καί
1378 2642 1469 2720 πείρην
1484 2643 1529 2701 καὶ
1541 2643 1621 2704 ὁκόσα
1632 2647 1678 2704 καί
1691 2653 1749 2706 νοῶ·

142 2735 245 2788 Nostro
262 2733 455 2806 conscriptum
472 2751 529 2788 esse
549 2751 564 2788 e
578 2751 642 2805 cap.
661 2732 694 2786 31
713 2743 837 2800 constet,
850 2751 925 2804 prae·
969 2751 1025 2800 σοι,
1036 2730 1069 2786 τὰ
1083 2729 1105 2786 δ’
1121 2729 1189 2787 ἄλλα
1199 2729 1336 2804 ὁμοδίαιτα
1350 2729 1402 2795 τοῖς
1417 2731 1523 2796 πολλοῖς
1536 2732 1581 2789 καὶ
1594 2729 1749 2794 τὰπλεῖστα

144 2819 257 2876 seranda
273 2831 365 2874 tamen
383 2838 437 2876 eme
448 2821 561 2876 videtur
574 2821 670 2876 Solani
689 2822 839 2890 sententia,
857 2821 923 2876 iro·
969 2805 1011 2874 οἷα
1026 2819 1055 2874 ἐκ
1067 2817 1177 2893 τριόδου.

144 2911 220 2970 uices
238 2908 339 2982 gratias
359 2909 494 2964 historico
518 2910 558 2962 illi
569 2909 726 2963 lucianum
749 2927 846 2982 agere,
875 2911 924 2982 qui
1011 2904 1196 2984 Καλλιμόρφου
1211 2906 1313 2983 ]Idem
1326 2925 1432 2962 nomen
1446 2908 1475 2961 in
1487 2909 1616 2983 inscript.
1636 2913 1749 2986 Aphro-

143 2997 345 3070 pestilentiam,
369 3014 431 3069 quae
450 2995 566 3068 jamjam
589 2999 786 3052 Rornanorum
808 3015 925 3070 quoque
970 2995 1081 3050 disiensi
1095 3013 1141 3068 ap.
1155 2994 1270 3052 Boeclsh.
1285 2997 1353 3054 c.1.
1370 2997 1409 3064 ll,
1424 3013 1453 3068 p.
1472 2993 1537 3050 526.

145 3085 294 3158 imperium
313 3085 447 3140 invadere
464 3086 607 3158 coepisset,
632 3086 705 3139 intra
719 3084 841 3139 hostium
856 3083 925 3139 lines

144 3169 428 3244 subsisterejusserit,
446 3172 524 3244 quasi
541 3189 575 3227 eo
591 3171 665 3227 facto
681 3181 709 3226 et
723 3173 782 3245 ipsa
802 3173 843 3226 vis
858 3173 924 3227 mali
1252 3150 1465 3211 ᾸΝΟΝΥΜΟῙ·

145 3259 266 3313 inhiberi
280 3259 424 3330 potuisset.
442 3289 482 3303 -
496 3261 622 3327 Nisibin,
640 3259 814 3334 Mygdonias,
829 3261 924 3315 illeso—
1348 3301 1363 3360 γ
1440 3327 1448 3342 ·

145 3347 274 3420 potamiae
280 3347 381 3418 partis,
390 3347 490 3420 caput,
502 3347 609 3421 Tigridi
623 3348 823 3421 propinquam,
837 3365 925 3420 quum
1368 3334 1374 3348 ⁸

145 3431 293 3503 a‘l'rajano
305 3445 464 3508 expugnata
477 3444 563 3502 esset,
584 3453 652 3488 mox
670 3452 781 3489 rursum
793 3433 925 3488 deiecisse
1009 3432 1089 3486 Idem
1108 3451 1132 3488 c.
1163 3451 1196 3502 17
1221 3450 1229 3490 :
1254 3432 1286 3490 Ei
1312 3430 1340 3490 δι’
1365 3455 1397 3507 με
1424 3434 1463 3490 δεῖ
1485 3433 1530 3492 καί
1558 3439 1637 3514 σοφοῦ
1661 3436 1751 3516 ἀνδρὸς

145 3523 416 3590 iterumqueaLusio
425 3532 608 3595 captamesse,
617 3522 671 3576 Dio
680 3521 785 3578 Cassius
791 3523 923 3593 LXVIII,
970 3520 1130 3594 μνησθῆναι,
1144 3516 1174 3574 rb
1186 3516 1233 3594 μίν
1248 3517 1332 3593 ὄνομα
1350 3520 1377 3576 ἐν
1391 3521 1486 3599 ἀφανεῖ
1498 3521 1606 3594 κείσθω,
1620 3521 1668 3593 rba
1683 3524 1750 3603 γνώ-

146 3607 196 3682 23,
211 3607 248 3664 30
261 3617 372 3676 narrat;
384 3620 520 3682 praeterea
532 3607 636 3663 deiide
651 3609 778 3681 ipsorum
795 3607 926 3662 aduersus
970 3625 1021 3680 μην
1033 3603 1060 3660 δὲ
1073 3605 1123 3682 έρῶ
1141 3605 1187 3662 καί
1204 3601 1238 3662 τδι
1251 3604 1342 3686 πρῴην
1359 3608 1386 3663 ἐν
1406 3607 1524 3689 Κορίνθῳ
1539 3609 1750 3690 συγγράμματα,

146 3699 290 3754 Romanos
300 3695 371 3750 nibil
381 3707 498 3751 constat.
516 3695 587 3750 lnde
599 3713 615 3751 a
627 3697 691 3752 Veri
709 3706 802 3750 tamen
820 3714 879 3749 aevo
896 3696 926 3748 in
969 3691 1080 3772 κρείττω
1094 3690 1180 3764 πάσης
1205 3694 1321 3761 ἐλπίδος·
1337 3696 1363 3752 ίν
1377 3697 1447 3774 ἀρχῇ
1461 3693 1507 3772 μέν
1524 3697 1659 3777 piperitide
1676 3702 1751 3780 ίντῇ

146 3785 342 3842 Romanorum
360 3793 501 3857 potestate
522 3801 586 3838 eam
600 3785 745 3857 mansisse,
760 3793 837 3838 recte
858 3782 925 3838 inde
970 3777 1060 3859 πρώτῃ
1073 3783 1118 3837 τοῦ
1132 3779 1271 3860 προοιμίου
1285 3782 1397 3861 περιόδῳ
1421 3782 1591 3859 συνηρώτησε
1610 3784 1667 3849 τοὺς
1688 3787 1751 3844 ἀνα·

283 3975 479 4037 CALHMOR
485 3975 583 4036 pflUS
604 3975 784 4035 lqEfflCUs¹
972 3946 1091 4008 luppiter,
1102 3946 1244 4008 procamium
1256 3959 1328 4008 supra
1337 3947 1436 3996 modum
1443 3948 1559 3996 insulsum
1572 3949 1642 4010 iecit,
1656 3951 1700 3998 liac
1713 3966 1752 4000 ra-

972 4025 1037 4075 tione
1047 4025 1193 4076 concludens
1202 4027 1332 4075 :familiare
1341 4039 1392 4076 esse
1402 4027 1495 4076 medico
1504 4027 1607 4077 scribere
1617 4029 1751 4094 historiam,

527 4129 553 4176 3⁸
971 4107 1090 4170 siquidem
1102 4109 1252 4171 AEsculapius
1262 4111 1311 4171 ipse
1322 4110 1354 4159 sit
1363 4109 1477 4172 Apollinis
1488 4109 1560 4170 silius,
1574 4109 1659 4170 Apollo
1670 4114 1752 4162 autern

972 4189 1094 4249 musageta
1105 4189 1130 4236 ct
1147 4187 1288 4236 eruditionis
1308 4188 1386 4238 omnis
1398 4189 1517 4250 princeps.
1538 4188 1661 4234 Postremo
1679 4187 1752 4236 etiem

178 4253 245 4304 &¹¹⁰⁸
256 4253 354 4316 (liddam
368 4266 398 4302 0¹
408 4253 449 4302 ¹¹¹⁰
460 4265 561 4302 ¹¹¹¹¹¹¹⁰¹¹⁰
570 4252 769 4300 wfflmffllalluffl
779 4263 862 4300 “llum
870 4263 927 4313 (lllffl
972 4263 1032 4314 illud
1042 4263 1192 4327 reprebendi,
1202 4263 1267 4327 quod
1275 4278 1351 4327 quum
1361 4265 1486 4327 incepisset
1496 4263 1574 4313 lonica
1581 4263 1753 4313 consuetudine

145 4335 211 4395 W
221 4333 416 4382 futffllssudltm
425 4331 656 4393 θθῐίθῑθωῐῑδθὸθίίν
673 4331 807 4392 Wlffllfflffl
823 4330 928 4380 ”¹⁶⁰ss
974 4341 1182 4402 scribere,nescio
1190 4355 1239 4404 quo
1247 4342 1347 4390 consilio
1355 4342 1385 4390 ad
1398 4353 1550 4390 communem
1560 4339 1641 4389 subito
1648 4341 1752 4400 transiit,

148 4411 280 4471 tramitem,
296 4411 391 4473 qualem
404 4410 476 4460 etiam
488 4409 572 4469 miles,
589 4421 646 4470 quoe
657 4408 719 4458 liunt
730 4406 837 4469 quotidie
853 4407 927 4456 literis
972 4419 1078 4480 primum
1089 4419 1192 4483 ιηςμιη,
1200 4419 1282 4469 dicens
1293 4423 1317 4469 ης
1328 4419 1408 4483 παρη,
1423 4421 1447 4467 ee
1459 4417 1533 4466 ὁκόσα
1549 4419 1573 4466 et
1586 4422 1680 4477 amoos,
1697 4418 1753 4467 fen.

146 4487 278 4551 ’Μίδων
288 4485 926 4550 eo¹¹¹l’0511585212slllltlmul⁰¹l¹¹l³⁰&lllltlifliifssllfli
972 4509 1021 4558 qua
1030 4510 1087 4546 vero
1098 4498 1178 4560 qualia
1187 4497 1212 4546 in
1224 4511 1270 4548 usu
1282 4497 1444 4546 multitudinis
1452 4497 1509 4544 aunt
1519 4497 1544 4544 et
1554 4495 1669 4558 pleraque
1684 4495 1752 4557 qnasi

146 4566 250 4626 migrans
264 4580 321 4615 curn
337 4567 453 4616 exercitu.
467 4564 694 4614 verumenimvero
709 4563 855 4613 tolerabilior
870 4576 928 4613 sanc
972 4576 1067 4625 ργγῑρη)
1078 4577 1160 4639 pem

146 4641 186 4691 liic
196 4642 307 4692 indoctus
317 4645 382 4704 erat,
394 4643 446 4706 ipae
455 4641 553 4704 quidem
564 4641 645 4691 atatim
656 4640 736 4704 qualis
751 4643 812 4690 esset
825 4639 926 4690 manile·
1264 4663 1454 4722 ANONYML

145 4725 211 4784 stus,
220 4721 263 4770 sed
274 4723 315 4784 qui
325 4723 365 4771 aiii
376 4723 477 4772 venusto
487 4721 579 4771 homini
588 4723 613 4771 et
622 4720 755 4770 tractandae
769 4719 874 4770 historin
884 4733 926 4782 pe·

146 4801 193 4849 rito
211 4799 317 4851 laborem
336 4801 494 4863 precepisset.
513 4800 576 4850 iliud
594 4801 673 4850 solum
688 4800 714 4848 in
730 4813 759 4849 eo
770 4799 926 4862 repreltetttli,
1349 4773 1375 4822 ⁴·

146 4877 210 4939 quod
220 4878 252 4927 itt
263 4878 414 4940 inscripserat
431 4878 504 4927 libros
514 4891 571 4926 suos
585 4877 701 4926 tumidius
711 4889 785 4940 quam
801 4884 926 4928 consentu·
1003 4881 1028 4932 Si
1039 4893 1095 4930 vero
1105 4892 1145 4929 me
1154 4881 1249 4942 oportet
1256 4880 1369 4942 sapientis
1376 4879 1448 4928 ctiam
1456 4877 1501 4926 riri
1509 4875 1655 4926 mentionem
1665 4875 1751 4937 iacere,

148 4968 219 5004 neum
238 4961 300 5006 esset
321 4956 395 5005 libelli
412 4955 542 5006 conditioni
564 4974 571 5002 ι
592 4973 604 4996 ν
626 4955 813 5017 Gallimcrpbi,
835 4955 927 5004 mediet
972 4971 1059 5007 nornen
1072 4957 1169 5018 qrridem
1180 4956 1244 5006 iilius
1255 4957 1280 5006 in
1288 4957 1391 5006 obscuro
1400 4958 1494 5016 jaceam
1506 4953 1585 5002 diram
1600 4965 1657 5002 vero
1672 4953 1751 5001 consi-

149 5039 227 5084 sertoe
251 5036 428 5092 conteteram,
452 5033 622 5082 historiarum
649 5032 840 5082 Parthicarum
862 5052 875 5076 ν
902 5035 927 5082 et
972 5033 1031 5082 lium
1047 5039 1071 5082 ct
1082 5033 1156 5083 libros
1169 5047 1245 5096 nuper
1262 5033 1372 5082 corinthi
1389 5029 1671 5092 editoa‚exspectatione
1685 5031 1750 5077 omni

147 5113 295 5175 mneritas
306 5114 357 5161 erat
373 5109 561 5173 uniuscuiusque
574 5109 627 5160 libri
644 5123 766 5162 nrrmrrus.
786 5110 927 5172 Etiamne
972 5111 1156 5172 prestantius.
1170 5113 1195 5160 Ιιι
1206 5110 1322 5175 principio
1331 5112 1408 5172 enim,
1421 5109 1502 5158 statim
1512 5108 1587 5170 prima
1597 5107 1752 5169 proumiipc·
