4004 5736
848 329 1094 389 κακόμαντι.
1267 379 1268 384 τ
1409 295 1412 300 ’
1699 301 1816 394 τιν’

161 483 220 532 νην.
236 457 357 520 Καθόλου
371 460 393 516 δ’
408 457 439 516 διν
452 447 522 528 εἷπε,
535 457 623 536 φησὶν,
638 454 698 514 ίόῶν
716 481 753 522 τις
760 457 817 523 τοὺς
831 457 933 530 τόπους,
979 450 1047 538 είχον
1060 457 1201 529 άπόόαλον,
1213 457 1280 517 ῶστε
1301 461 1384 517 δοκεῖν
1396 460 1488 528 αὐτούς
1500 461 1589 538 ὥσπερ
1605 461 1755 537 αἰνίγματος

162 545 305 626 θησαυρούς
323 536 389 604 εἶναι
403 547 501 624 ρύσεως
522 543 655 614 άενάουςῆ
666 553 783 620 ταμιεῖον
797 545 935 622 ἡγεμονίας
977 545 1071 624 τρόπον
1083 545 1197 624 ἀτυχεῖν.
1207 547 1263 619 (Dc
1272 550 1417 622 aenigmate
1424 551 1475 604 isto
1487 569 1513 608 v.
1526 553 1641 607 Homer.
1656 553 1712 609 Vit.
1726 572 1751 606 r.

150 635 342 694 ,ἀνέκλειπτον
360 634 389 689 οὑ
409 631 459 708 γάρ
473 630 585 690 πλουσία
601 631 690 707 μόνον,
713 631 781 690 αἰλλθι
801 633 846 691 καί
870 633 936 691 ὑπό-
980 633 1134 710 leudem
1153 653 1215 706 cap.
1235 634 1282 702 38,
1298 641 1312 700 l,
1328 654 1334 688 :
1352 631 1454 692 Γίνεται
1469 633 1496 692 δὲ
1509 635 1554 692 καὶ
1565 635 1711 713 καττίτερος
1726 639 1752 693 ἐν

155 726 271 787 -πλουτος
285 712 326 792 ἦν,
338 717 425 797 ρησλν,
438 724 455 790 ἡ
469 716 558 797 χῶρα,
570 719 614 776 καί
627 718 691 797 παρ’
703 719 807 785 ἐκείνοις
818 724 853 786 ὡς
868 723 935 790 άλη-
979 719 1083 784 πολλοῖς
1096 718 1183 782 τόποις
1194 722 1241 788 τῆς
1255 717 1385 797 ’ίόηρίας,
1399 721 1446 777 οὐκ
1458 718 1484 787 ἐξ
1498 723 1622 793 ῖπιπολῆς
1633 722 1752 802 εὑρισκό·

163 813 213 876 θῶς
225 809 269 867 τὸν
281 807 433 885 ὑποχθόνιον
444 806 523 864 τόπον
538 806 588 884 οὐχ
601 808 615 864 δ
627 804 726 891 ᾍδης,
741 807 799 864 ἀλλ’
816 805 936 866 ὁΠλοό-
979 827 1067 880 μενος,
1078 807 1113 870 ὡς
1124 807 1150 862 ἐν
1170 812 1227 871 ταῖς
1238 805 1362 884 ἱστορίαις
1383 803 1450 872 τινίς
1470 807 1666 885 τεθρυλήκασιν,
1692 812 1751 870 ἀλλ’

163 919 215 956 των
240 897 370 954 κατοικεῖ.
390 895 508 952 Τοιαῦτα
534 891 581 968 μὲν
599 883 644 951 oie
668 895 695 951 ἰν
707 892 796 973 ὡραίῳ
819 893 936 972 σχήματι
979 891 1146 972 ὀρυττόμενος
1159 893 1217 951 κτλ.

163 983 250 1061 εἴρηκε
276 981 336 1060 περί
352 977 460 1049 τούτων,
484 981 519 1044 ὥς
543 978 575 1036 it
593 980 623 1038 ίκ
645 980 775 1054 μετάλλου
794 981 839 1038 καὶ
862 979 937 1045 αὐτὸς
1018 989 1063 1044 Ad
1077 989 1162 1044 verba
1173 989 1319 1044 Strabonis
1332 985 1371 1044 ὅτι
1389 989 1440 1044 τῶν
1455 987 1558 1065 δρυμῶν
1577 990 1635 1046 κτλ.
1654 991 1692 1050 cf.
1708 993 1756 1048 Se·

163 1070 251 1147 πολλῷ
263 1066 397 1147 χρῶμενος
416 1069 454 1143 τῷ
466 1065 545 1144 λόγῳ.
560 1063 617 1134 Τὴν
635 1065 657 1122 δ’
670 1065 819 1140 ίπιμίλειαν
834 1067 936 1148 φράζων
980 1092 1048 1129 neca
1069 1075 1154 1147 Epist.
1174 1091 1236 1147 90:
1260 1077 1296 1128 Ῑνι
1309 1074 1360 1130 Ιιοα
1375 1093 1481 1148 quoque
1501 1078 1629 1131 dissentio
1655 1077 1691 1150 (a
1705 1079 1759 1134 Po-

163 1156 270 1226 τὴντῶν
288 1152 497 1230 μεταλλευόντων
510 1151 671 1232 παρατίθησι
685 1151 767 1211 τὸτοῦ
782 1153 938 1232 Φαληρέως,
981 1158 1121 1232 sidonio),
1132 1159 1379 1232 sapientessuisre,
1394 1159 1522 1234 quifi’rri
1533 1167 1647 1218 urcialla
1657 1175 1684 1217 ct
1696 1171 1761 1218 cerie

163 1243 202 1300 ὀτι
222 1242 300 1324 φησίν
318 1241 412 1306 ἐκεῖνος
426 1239 468 1297 tel
488 1241 541 1298 τῶν
563 1239 686 1300 Ἀττικῶν
704 1239 846 1318 ἀργυρείων
870 1238 938 1299 οὑτω
982 1249 1151 1310 invenerunt,
1170 1263 1252 1317 quum
1274 1249 1399 1301 incendio
1417 1250 1546 1302 silvarum
1570 1251 1671 1304 aclusta
1680 1253 1761 1305 tellus

164 1330 292 1394 συντόνως
301 1326 416 1408 ὀρύττειν
430 1323 487 1391 τούς
500 1325 666 1404 ἀνθρώπους,
680 1326 715 1390 ὡς
726 1324 757 1383 διν
770 1327 939 1404 προσδοκῶν,
983 1336 1011 1384 in
1024 1349 1128 1386 σιιηιιιιο
1142 1349 1231 1386 venas
1240 1338 1367 1401 jacentes
1384 1331 1537 1406 quuefacta
1545 1332 1676 1405 fudisset.
1696 1339 1761 1392 iiaee

164 1441 211 1484 τας
220 1415 298 1475 αὑτὸν
313 1413 416 1482 ἀνάξειν
428 1412 472 1472 τδν
485 1412 647 1472 Πλούτωνα·
668 1409 820 1470 καὶτούτων
833 1405 876 1471 οόν
889 1415 938 1488 ὀμ·
983 1419 1063 1472 sicuti
1081 1419 1189 1490 reliqua
1204 1435 1267 1490 quae
1278 1419 1383 1474 Seneca
1396 1421 1415 1477 l.
1434 1421 1453 1477 l.
1472 1423 1653 1478 ePosidonio
1669 1423 1760 1490 affert,

164 1505 262 1584 ρανίξει
279 1499 466 1581 παραπλησίαν
481 1498 527 1568 τὴν
542 1498 656 1569 σπουδὴν
678 1498 723 1557 καί
737 1497 784 1570 τὴν
798 1499 940 1578 φιλεργίαν,
985 1521 1019 1558 εκ
1033 1506 1124 1577 capite
1142 1504 1178 1559 de
1202 1505 1380 1578 philosophia
1393 1508 1520 1561 omnium
1538 1525 1632 1562 rerum
1660 1509 1762 1564 inven-

163 1589 270 1655 σκολιός
281 1586 425 1664 τεμνόντων
437 1584 482 1644 καί
495 1584 600 1662 βαθείας
610 1586 655 1651 τὰς
665 1586 806 1664 σύριγγας,
819 1589 864 1643 καὶ
877 1585 941 1665 πρὸς
985 1591 1053 1645 trice
1074 1591 1219 1664 desumpta
1240 1602 1314 1647 sunt.
1329 1594 1419 1664 Quem
1434 1594 1529 1648 locum
1549 1594 1715 1650 Posidonius
1732 1597 1763 1650 iu

164 1675 221 1741 τοὺς
234 1678 261 1733 ἐν
276 1675 365 1738 αὐταῖς
375 1674 543 1738 ἀπαντῶντας
551 1671 683 1749 ποταμοὺς
693 1672 818 1738 πολλάκις
828 1675 880 1738 τοῖς
892 1674 942 1732 At·
986 1694 1072 1750 opere
1085 1673 1284 1754 Προστρεπτικδ
1295 1679 1429 1752 inscripto
1442 1691 1571 1735 tractasse
1582 1681 1701 1736 videtur.

164 1763 279 1840 γυπτίοις
295 1757 486 1817 άναντλούντων
495 1757 628 1836 κοχλίαις·
645 1758 688 1817 τδν
703 1759 776 1818 δολον
791 1761 833 1835 (τὸ
846 1758 873 1817 δὲ
890 1761 943 1818 λοι·
1026 1763 1211 1818 Historiarum
1224 1765 1334 1832 locum,
1348 1783 1433 1836 quem
1443 1765 1544 1820 Strabo
1557 1768 1661 1840 attigit,
1676 1769 1763 1823 Athe-

164 1851 244 1925 obvi)
256 1849 286 1906 οό
295 1844 374 1904 ταόιό
384 1837 448 1902 εῖναι
458 1843 555 1910 τούτοις
564 1867 613 1903 που
625 1845 670 1904 καί
680 1853 732 1911 τοῖς
742 1845 877 1922 Ἀττικοῖς,
886 1847 942 1903 ἀλλ’
987 1867 1182 1922 uaeusquoque
1194 1852 1586 1922 auteoculoshabuitlib.V1,
1598 1872 1629 1926 p.
1644 1853 1711 1923 233,
1721 1858 1762 1928 D,

165 1936 268 2002 ἐκείνοις
278 1933 324 2010 μὲν
339 1931 470 2010 αἰνίγματι
485 1931 594 1989 ἐοικέναι
605 1931 652 2003 τὴν
665 1933 828 2008 μεταλλείαν·
838 1933 886 1991 ὅσα
898 1931 944 2008 μὲν
988 1935 1053 2008 ubi,
1067 1947 1216 2009 postquam
1231 1939 1353 1992 Zenonis
1372 1941 1537 1994 senteutiam
1551 1939 1587 1994 de
1600 1941 1703 1996 divitiis
1716 1961 1764 1997 ex·

164 2025 215 2102 γάρ
224 2019 454 2100 σἰνίλαόον,ρησ“ιν,
463 2011 945 2098 otastatulaetisipovfieitelov·
987 2022 1136 2094 posuisset,
1154 2039 1211 2094 quo
1224 2031 1312 2078 essent
1323 2023 1388 2078 loco
1402 2023 1555 2093 habendae,
1568 2034 1599 2078 ut
1613 2043 1704 2099 neque
1716 2046 1764 2082 εκ-

165 2111 263 2176 τούτοις
270 2111 293 2168 δ’
306 2106 436 2184 ὑπεράγαν
445 2107 584 2183 λυσιτελῆ,
595 2113 647 2172 τοῖς
660 2105 706 2182 μὲν
716 2109 887 2186 χαλκουργοῖς
899 2106 946 2164 τί·
988 2107 1115 2180 petendae
1126 2125 1218 2180 neque
1230 2107 1380 2183 fugiendae,
1398 2108 1448 2164 sed
1462 2111 1492 2164 iu
1500 2127 1619 2164 numero
1628 2112 1679 2166 τῶν
1690 2110 1764 2167 άδια-

165 2220 258 2276 ταρτον
269 2194 345 2276 μέρος
356 2193 474 2271 ἐξάγουσι
484 2197 530 2262 τῆς
536 2197 583 2271 γῆς
594 2193 638 2250 τδν
647 2193 757 2271 χαλκὸν,
767 2195 819 2258 τοῖς
829 2193 856 2251 δὲ
866 2195 945 2272 άργυ·
989 2191 1074 2272 ρόρων
1086 2204 1187 2261 meent,
1203 2195 1316 2266 subjicit
1331 2213 1338 2252 ι
1355 2193 1439 2252 Οὐδὲν
1459 2191 1537 2272 γάρὴ
1552 2193 1626 2273 γόοις
1636 2195 1764 2268 ῖκόίόλη-

140 2341 144 2346 .
166 2285 269 2366 ρεύουσι
281 2286 331 2340 τῶν
343 2283 452 2342 ἰδιωτῶν
462 2283 489 2338 ίν
499 2281 580 2359 τρισίν
591 2279 702 2360 ἡμέραις
711 2279 839 2340 Εὖόοῑκόν
850 2281 946 2339 τάλαν·
989 2301 1033 2336 κεν
1045 2281 1075 2337 ίκ
1089 2283 1133 2336 τοῦ
1148 2278 1246 2354 κόσμου
1258 2283 1310 2337 τῶν
1324 2278 1476 2358 εἰρημένων,
1493 2279 1553 2338 ἀλλ’
1566 2281 1685 2354 ἐποίησεν
1700 2287 1764 2341 ὑπο·

164 2395 208 2430 τον
220 2369 359 2448 ἐξαίρουσι.
375 2367 428 2427 Τὸν
439 2365 466 2424 δὲ
475 2363 623 2444 καττίτερον
632 2368 678 2422 οὐκ
692 2367 816 2436 ἐπιπολῆς
830 2365 946 2444 εὑρίσκε-
990 2365 1072 2442 γείους
1086 2367 1171 2422 αὐτῶν
1185 2365 1300 2445 ρλίόας,
1312 2366 1517 2426 πολύπονονκαῖ
1527 2369 1647 2445 χαλεπὴν
1657 2369 1766 2448 ἐχούσας

165 2461 226 2514 σθαῖ
235 2477 325 2536 ρησιν,
334 2450 583 2529 ῶςτοὺςίστορικοὺς
590 2453 700 2531 θρυλεῖν,
712 2453 770 2510 ἀλλ’
777 2451 944 2532 ὀρύττεσθαι·
990 2452 1123 2531 ίργασίαν,
1137 2451 1206 2518 ὅπως
1215 2457 1239 2510 ol
1248 2455 1308 2533 περὶ
1314 2458 1398 2512 ταῦτα
1408 2453 1596 2521 σπουδάζοντες
1607 2456 1765 2534 ὀδυνώμενοι

165 2549 305 2620 γεννᾶσθαι
316 2543 339 2598 δ’
351 2541 377 2598 ἔν
390 2561 418 2598 τε
426 2539 478 2604 τοῖς
489 2536 553 2616 ὑπὲρ
564 2537 623 2605 τοὺς
634 2537 792 2606 Λυσιτανοὺς
805 2537 947 2618 βαρόάροις
991 2539 1101 2616 μετίωσι
1113 2537 1160 2609 τλν
1181 2543 1283 2610 κτῆσιν,
1302 2538 1347 2596 καλ
1360 2541 1410 2618 οόχ
1428 2541 1451 2597 oi
1466 2541 1665 2614 μεταλλεύοντες
1683 2541 1766 2617 μόνοι,

167 2631 213 2688 καὶ
228 2633 254 2688 ἐν
266 2633 323 2694 ταῖς
338 2625 504 2704 Καττιτερίσι
522 2624 623 2698 νήσοις,
639 2625 684 2684 καὶ
699 2627 728 2684 ia
740 2629 791 2686 τῶν
803 2629 946 2706 Βρεττανι-
991 2624 1117 2684 ἀλλὰκαὶ
1138 2627 1161 2682 ni
1182 2623 1216 2682 τδι
1230 2625 1436 2701 μεταλλευθέντα
1457 2625 1648 2706 συναγείροντες
1669 2629 1767 2706 μυρίοις

166 2721 219 2776 κῶν
243 2715 271 2774 δύ
294 2717 330 2780 είς
350 2711 396 2782 τὴν
421 2709 580 2772 Μασσαλίαν
605 2711 763 2788 κομίζεσθαι.
785 2698 870 2772 ’Elii
895 2715 947 2776 τοῖς
992 2711 1098 2790 μόχθοις
1118 2710 1246 2790 θηρεύωσι
1259 2711 1307 2782 τὴν
1328 2711 1502 2792 περίόλιπτον
1525 2713 1622 2784 ταύτην
1635 2715 1767 2786 πολυκτη-

168 2801 336 2882 Ἆρτάδροις,
355 2799 380 2858 οἳ
395 2804 444 2870 τῆς
463 2796 619 2863 λυσιτανίας
638 2796 744 2858 ὕστατοι
764 2799 828 2878 πρὸς
849 2797 945 2877 άρκτον
991 2798 1061 2858 σίαν.
1077 2797 1222 2875 Δείγματος
1234 2797 1281 2872 μὲν
1295 2788 1338 2856 οόν
1351 2800 1427 2877 χάριν
1442 2799 1488 2830 *⁴¹*
1501 2799 1606 2878 ίπείπερ
1616 2801 1767 2860 ἐπιπόλαιον

167 2889 215 2947 καὶ
227 2888 299 2946 δύσιν
312 2887 388 2960 tinia,
409 2887 520 2952 ἐξανθεῖν
533 2883 596 2963 φησί
610 2882 657 2954 τὴν
672 2888 720 2961 γῆν
735 2883 862 2964 άργυρίιρ,
882 2907 947 2940 κατ·
992 2887 1076 2941 αὐτῶν
1092 2885 1146 2941 ἐστι
1158 2881 1187 2940 τδ
1201 2883 1285 2960 γένος,
1300 2882 1325 2940 εί
1336 2883 1360 2960 γ’
1375 2886 1401 2941 ἓν
1413 2884 1470 2950 ταῖς
1483 2886 1618 2962 ἐσχατιαῖς
1630 2891 1676 2956 τῆς
1687 2891 1767 2946 οίκου·

166 2975 277 3056 τιτθριρ,
291 2974 391 3054 χρυσίῳ
408 2975 507 3051 λευκῷ·
519 2972 689 3050 α’ργυρομιγίς
702 2972 752 3051 γάρ
773 2975 844 3030 ἐστι·
858 2971 904 3042 τὴν
919 2969 947 3028 ὀί
991 2969 1069 3047 μάνης
1082 2970 1127 3029 καὶ
1138 2969 1256 3044 ποτάμια
1267 2969 1300 3027 τά
1309 2970 1420 3048 τυχόντα
1432 2969 1560 3048 ψήγματα
1574 2979 1671 3051 χρυσοῦ
1685 2995 1767 3032 κατα-

166 3069 217 3142 γῆν
229 3061 328 3132 ταύτην
341 3060 428 3142 ρίρειν
445 3057 504 3124 τούς
514 3058 661 3133 ποταμούς·
674 3059 721 3129 τὴν
741 3059 767 3118 δὲ
781 3057 885 3116 σκαλίσι
901 3055 948 3122 τίς
991 3057 1081 3137 φέρει,
1096 3055 1141 3114 καί
1157 3061 1240 3113 ταῦτα
1255 3063 1373 3134 γυναῖκες
1383 3055 1428 3114 καὶ
1440 3045 1528 3135 ῶδρες
1540 3059 1652 3124 ἀσθενεῖς
1665 3059 1698 3116 τά
1712 3059 1767 3117 σῶ-

166 3158 292 3228 γοναῖκας
317 3147 452 3222 δεσμώτας
475 3144 579 3203 πλύνειν
602 3148 628 3203 δν
652 3145 801 3224 ἠθητηρίοις
827 3147 947 3210 πλεκτοῖς
991 3168 1062 3222 ματα
1077 3143 1122 3202 οὑν
1135 3147 1192 3205 ταῖς
1204 3144 1300 3220 ἄμμοις
1314 3144 1491 3224 ὑποψήχοντες
1504 3146 1632 3217 διιστᾶσι,
1644 3145 1689 3204 καλ
1700 3146 1768 3204 πλό-

166 3238 212 3296 ἐπλ
231 3237 333 3305 κίστην.
348 3227 432 3300 Οὗτος
445 3231 492 3309 μίν
508 3233 629 3312 περὶτῶν
648 3234 783 3309 μετάλλων
799 3233 898 3292 τοιαῦτ’
910 3229 948 3288 ιί-
990 3255 1078 3298 ναντες
1087 3231 1191 3308 ἄγουσιν
1203 3230 1301 3301 iuis-hv
1309 3229 1405 3310 χῶνην,
1415 3233 1450 3297 ὡς
1461 3232 1534 3311 παρὰ
1546 3235 1598 3298 τοῖς
1608 3231 1768 3304 Ἐλουητίοις

168 3345 242 3402 ρηκε.
990 3319 1067 3400 ρησῖν
1077 3321 1091 3377 ὁ
1102 3319 1163 3396 ἐμὸς
1174 3317 1358 3392 Ποσειδώνιος,
1370 3317 1415 3376 καὶ
1427 3317 1515 3384 άλλοις
1524 3318 1576 3376 τισὶ
1586 3321 1636 3376 τῶν
1650 3320 1766 3379 Κελτῶν.

208 3415 250 3468 Ex
262 3411 416 3467 Posidonio
430 3429 507 3465 suam
519 3409 555 3464 dc
566 3409 665 3464 Iberiae
684 3411 948 3466 metallisnarratio·
993 3407 1046 3465 Καί
1067 3405 1101 3464 τά
1120 3428 1148 3464 τε
1168 3407 1252 3464 πάλαι
1270 3407 1316 3481 μίν
1331 3403 1444 3466 Ῥιπαῖα
1460 3403 1608 3481 καλούμενα
1631 3403 1696 3484 ὀρη,
1721 3395 1767 3464 εἶθ’

168 3519 235 3556 nem
245 3509 387 3553 mutuatus
400 3508 442 3552 est
452 3497 597 3553 Diodorus
608 3500 641 3564 V,
654 3496 689 3566 37
701 3515 765 3570 sqq.
778 3497 876 3552 iisdem
890 3496 948 3552 sere
991 3492 1095 3570 ὕστερον
1109 3490 1210 3552 Ὄλόισ
1225 3489 1479 3574 προσαγορευθέντα,
1492 3497 1536 3550 νῦν
1549 3491 1577 3548 δὲ
1586 3489 1683 3550 Ἄλπια
1699 3492 1768 3570 (ἔστι

169 3589 275 3662 quibus
285 3587 387 3642 Strabo
397 3585 539 3640 interdurn
553 3586 644 3641 verbis
654 3603 719 3640 usus
732 3603 739 3638 ι
752 3602 778 3643 e.
792 3603 820 3658 g.
833 3603 895 3657 cap.
911 3583 946 3654 37
991 3577 1018 3636 δὲ
1025 3583 1070 3648 τῆς
1078 3576 1219 3651 Γαλατίας)
1228 3578 1381 3654 αὐτομάτως
1391 3577 1453 3648 ύλης
1463 3577 1769 3659 ὀμπρησθείσηςάργύριρ

169 3677 234 3731 init.
249 3671 393 3747 ;Μιγάλην
408 3669 430 3726 δ’
444 3667 499 3746 ίχει
513 3667 685 3747 παραλλαγὴν
693 3665 725 3724 τδι
734 3667 852 3742 μέταλλα
864 3672 947 3725 ταῦτα
992 3664 1108 3746 διερρύη.
1123 3664 1162 3725 Tb
1177 3663 1265 3741 μέντοι
1279 3687 1308 3744 γε
1321 3663 1387 3724 πολὺ
1398 3663 1490 3723 τούτου
1505 3663 1679 3742 βαθείαιςκαί
1690 3687 1770 3724 κακο-

168 3756 359 3834 συγκρινόμενα
371 3754 424 3820 τοῖς
433 3751 501 3812 κατὰ
512 3752 558 3824 τὴν
572 3753 701 3823 Ἀττικήν.
718 3752 824 3812 Ἐκεῖνα
839 3751 886 3830 μὲν
898 3753 948 3834 γδιρ
991 3752 1081 3818 πάθοις
1089 3751 1252 3828 μεταλλείαις
1258 3749 1478 3827 εθρίσκεταικατδ
1484 3751 1529 3810 τόν
1537 3751 1668 3830 Φαληρία
1675 3752 1769 3826 Δημή·

169 3846 195 3900 οί
207 3841 406 3919 μεταλλεύοντες
417 3839 462 3898 καλ
475 3843 522 3911 τῆς
541 3839 663 3918 ίργασίας
675 3840 790 3918 μεγάλας
800 3839 949 3918 προῖίμενοι
991 3861 1072 3916 τριον,
1086 3837 1239 3910 ἐλπιζούσης
1252 3841 1298 3908 τῆς
1306 3838 1453 3906 πλεονεξίας
1467 3838 1568 3907 ἀνάξειν
1577 3841 1605 3896 ἐκ
1615 3842 1665 3896 τῶν
1678 3841 1769 3917 μυχῶν

170 3928 316 3994 δαπάναςδ
326 3927 374 4004 μίν
383 3927 498 3997 ἤλπισαν
511 3926 589 3985 irione
599 3925 690 3984 λαδεῖν
702 3928 749 3984 οὑκ
766 3925 871 3998 δ’λαόον,
891 3926 908 3984 δ
924 3927 948 3984 δ’
992 3929 1039 3995 τῆς
1057 3928 1105 4001 γῆς
1124 3923 1202 3982 αὐτόν
1220 3923 1263 3982 τόν
1285 3924 1439 3985 Πλούτωνα.
1459 3923 1686 4004 Χαριεντιζόμενος
1708 3931 1769 4002 γοῦν

170 4124 203 4172 ‹le
214 4123 251 4171 his
259 4121 331 4171 τοίνυν
336 4121 453 4182 loquitur,
461 4121 529 4184 quasi
537 4133 567 4170 ex
576 4120 677 4169 metallis
683 4122 708 4168 et
716 4119 766 4182 ipse
773 4120 868 4182 copiose
877 4119 950 4168 verba
993 4121 1047 4169 reris
1056 4120 1233 4181 opiheibusaea,
1242 4119 1307 4182 quod
1316 4119 1480 4181 quadransest
1488 4120 1564 4182 slebre
1575 4121 1677 4182 effossae,
1685 4105 1770 4171 eruen-

170 4199 294 4249 extulerit,
309 4198 459 4260 Diligentiam
473 4211 545 4260 porro
563 4197 704 4246 salientium
720 4197 828 4246 indicans
843 4196 950 4246 Phalerei
994 4199 1073 4258 tibus;
1085 4199 1127 4260 qui
1141 4201 1222 4248 eutem
1237 4198 1421 4260 argentifodinas
1432 4199 1566 4260 possideu,
1582 4199 1663 4248 triduo
1680 4200 1769 4248 Euboi·

172 4275 320 4336 (Demetrii)
333 4275 392 4323 lllud
409 4274 501 4323 dlctum
517 4273 630 4332 adducit,
647 4273 688 4335 qul
700 4273 731 4322 de
746 4274 832 4323 Altiaia
847 4273 951 4327 metallis
994 4289 1050 4326 cum
1060 4276 1177 4326 talamum
1192 4275 1351 4326 olluentlbus.
1368 4275 1440 4326 Addit
1453 4289 1524 4338 porro
1539 4280 1653 4326 stannum
1665 4289 1728 4338 non,
1741 4281 1770 4326 nt
1853 4329 1860 4342 ,

170 4353 266 4403 dixerat
275 4353 341 4402 tanta
353 4351 490 4402 assiduitate
499 4351 646 4401 hominesihi
657 4351 751 4411 ledere,
761 4363 789 4399 ec
797 4351 817 4400 si
827 4353 950 4412 sperarent
995 4353 1099 4402 historici
1110 4351 1315 4414 divulgemut,.in
1326 4353 1451 4414 superficie
1462 4357 1532 4402 terrae
1544 4353 1658 4413 inaniri,
1676 4353 1717 4402 sed
1732 4355 1769 4403 el-

172 4444 200 4480 se
217 4431 295 4492 ipsum
311 4429 437 4478 Plutonem
455 4428 523 4490 (sire
539 4427 634 4488 Ditem)
653 4429 778 4488 ειυῑυιονς
796 4429 870 4490 atque
887 4439 952 4475 nunc
994 4429 1059 4490 lodi,
1071 4429 1136 4480 nuel
1147 4432 1227 4478 mum
1239 4429 1302 4492 apud
1315 4429 1559 4492 bubamaquisupra
1571 4429 1714 4480 Lusitaniam
1726 4430 1770 4481 de·

172 4503 628 4558 Turdetanornmslmilemdemonslrat
636 4503 953 4565 iudustriamlaborandique
995 4508 1072 4568 gunt,
1088 4508 1114 4556 ei
1125 4505 1150 4554 in
1163 4503 1344 4556 cassiteridihna
1359 4505 1456 4567 insulis3
1471 4519 1502 4556 εκ
1517 4505 1659 4556 Britannicis
1673 4519 1771 4568 quoque

173 4583 295 4644 studium,
312 4582 355 4645 qui
373 4581 503 4644 profundos
517 4579 674 4642 obliquosque
689 4581 760 4641 agunt
771 4579 910 4641 cuniculos,
928 4581 953 4630 et
995 4582 1123 4632 Mmsllinm
1141 4581 1228 4632 ellerrh
1248 4581 1317 4644 Apud
1335 4582 1561 4642 umbrosanum,
1579 4581 1621 4643 qui
1640 4582 1771 4632 Lurihniae

147 4672 154 4684 ·
175 4662 279 4722 haurion,
291 4661 333 4722 qui
343 4672 407 4721 saepe
422 4660 446 4708 ln
463 4659 513 4708 istis
527 4659 675 4719 occurrunt,
687 4658 829 4707 exhauriant
840 4657 954 4720 AEgyptiis
995 4662 1228 4710 versusocmsumel
1234 4659 1417 4722 septentrionem
1426 4660 1510 4708 ultima
1518 4659 1616 4720 hebent,
1623 4659 1773 4710 efflorescere

175 4737 288 4787 norllleis.
299 4737 413 4786 ceterum
423 4748 471 4783 non
482 4733 544 4783 idem
554 4733 694 4784 evenirehis
702 4737 776 4795 atque
784 4733 868 4782 Atticis
879 4747 953 4784 :uam
996 4737 1030 4786 ait
1041 4739 1129 4786 lectam
1141 4739 1252 4799 argento,
1263 4739 1363 4796 sunno,
1375 4749 1434 4784 auro
1444 4735 1500 4786 albo
1510 4755 1517 4785 ι
1527 4739 1564 4794 est
1574 4735 1638 4784 enim
1655 4736 1701 4786 Ιιοσ
1715 4749 1770 4799 ροτ-

176 4817 241 4880 apud
250 4815 295 4865 hos
304 4815 422 4865 metallica
431 4827 502 4878 opera
511 4814 587 4864 simile
596 4813 717 4876 quippiam
726 4812 814 4862 habere
822 4813 954 4874 reniqmatis
996 4814 1100 4864 mixtum
1114 4816 1211 4874 argento
1223 4833 1229 4862 :
1243 4813 1305 4861 hatte
1316 4815 1404 4862 terram
1416 4811 1493 4860 liuvils
1509 4811 1610 4868 deferri,
1623 4815 1648 4862 et
1660 4826 1675 4862 a
1687 4813 1773 4864 mulie·

177 4891 243 4942 illius
255 4907 261 4940 :
273 4905 329 4954 quae
340 4892 404 4941 enim
421 4891 501 4954 adepti
518 4892 621 4950 luerint,
633 4890 726 4952 lnquit,
743 4889 911 4950 Athenienses,
924 4905 954 4940 ra
997 4891 1063 4939 ribus
1073 4889 1172 4939 sarculis
1180 4887 1313 4950 enitamini,
1324 4888 1446 4950 levarique
1454 4888 1478 4938 in
1489 4888 1548 4940 colis
1559 4889 1632 4940 testis
1640 4889 1664 4939 iu
1673 4889 1771 4940 modum

178 4983 226 5018 aon
237 4969 386 5032 percepisse,
397 4982 454 5031 quae
465 4971 546 5019 aulem
557 4967 833 5031 lubuissenl,un1isisse.
864 4969 952 5018 Turde·
997 4968 1070 5017 eisin.
1082 4967 1140 5016 lime
1149 4964 1189 5014 ille
1201 4964 1232 5013 de
1241 4964 1278 5014 his
1287 4965 1389 5014 metallis
1398 4965 1486 5014 retulit.

178 5045 307 5094 tanisvero
319 5045 358 5093 illa
374 5045 536 5094 incredibilem
549 5046 573 5094 in
591 5045 689 5094 modum
701 5047 800 5108 prosunt
814 5067 819 5095 :
840 5045 952 5096 cimirun

287 5140 428 5176 necaturi
444 5139 536 5176 ΙΙΙδῘΟΙῖι
551 5141 589 5175 cll.
601 5153 626 5162 -
643 5140 695 5176 iob·
711 5140 746 5176 ΙΙΙ·
1616 5134 1640 5175 lt
