3944 5728
826 318 1075 379 annonarum.
1269 400 1275 411 Ι
1690 333 1746 384 ιιι

155 443 298 521 γενομένων
311 442 340 501 τὸ
351 441 398 518 μέν
408 445 508 521 πρῶτον
521 441 629 521 ἀφώνων
641 466 669 502 τε
682 444 726 502 καὶ
737 446 874 522 ἐκπλαγῶν
887 445 928 504 διδ
974 447 1040 525 ἀπερ
1052 447 1131 506 itata
1142 446 1214 528 παρὰ
1223 452 1267 506 τοῦ
1280 448 1411 525 Μαχάτσυ
1422 452 1454 526 τῇ
1464 448 1555 527 πρώτη
1567 451 1617 507 τῶν
1630 453 1744 530 ἡμερῶν,

155 529 185 588 τὸ
194 529 339 610 παράδοξον
347 528 491 610 &Qualis
501 528 605 607 θῦῒῑρῡν
614 529 640 587 δέ
651 529 850 602 ἇίαὸῡηῦᾶνῑων
861 531 928 609 μέγα
974 535 1163 610 Θαυμάσαντες
1176 534 1204 593 δὲ
1218 536 1261 594 καί
1274 534 1443 612 ἐκπλαγέντες
1455 536 1547 600 εὐθέως
1555 539 1747 616 περιγινόμεθα

156 617 201 676 καὶ
214 615 406 696 περιπεσόντων
419 616 579 695 τῇθυγατρί,
590 616 675 688 τότεὴ
685 617 816 676 Φιλίννιον
826 617 928 676 τοσαῦτ’
974 620 1037 700 πρὸς
1049 620 1092 679 τὸν
1105 619 1291 700 Δημόστρατον
1306 622 1342 686 τίς
1352 619 1396 678 τόν
1412 619 1506 688 ξενῶνα
1518 622 1640 702 ὀψόμενοι
1650 625 1697 694 πλν
1706 649 1748 683 νε-

156 693 227 762 είπεν
238 704 340 770 αὐτοῖς·
356 694 420 762 νὨ
433 707 514 778 μῆτερ
527 702 571 760 καί
584 703 683 782 πάτερ,
697 707 731 770 ὡς
745 703 839 770 ἀδίκως
853 706 929 784 apto·
974 703 1047 783 κράν,
1058 707 1080 764 τί
1091 709 1148 763 κατ’
1161 705 1282 776 ἀλήθειαν
1293 705 1408 786 ἐμφανής
1418 708 1497 766 ἐστιν.
1507 707 1614 776 Ἰδόντες
1626 709 1651 767 δέ
1662 711 1748 788 χαμαί

156 787 252 857 νήαατέ
264 811 309 864 μοι
319 786 386 864 μετδι
396 793 442 846 τοῦ
456 787 525 854 ζένου
540 787 582 846 ἐπί
592 796 657 867 τρεῖς
666 788 765 867 ἡμέρας
776 787 893 866 γενέσθαι
903 791 929 846 ἐν
974 791 1095 866 κειμένην
1109 793 1144 858 εἰς
1154 791 1201 862 τλν
1216 793 1357 860 ἐκκλησίαν
1370 792 1538 872 ἠθροιζόμεθα
1548 817 1554 830 ·
1566 795 1598 852 ad
1610 795 1661 873 γὰρ
1674 819 1747 873 γεγο·

155 879 189 953 τῇ
202 873 312 954 πατρῴᾳ
324 873 393 952 οἰκία
406 875 538 932 λυποῦσαν
550 873 622 934 οὐδέν
632 897 638 912 ·
650 879 784 954 τοιγαροῦν
796 878 868 951 ὑμεῖς
883 875 929 950 μέν
975 878 1034 936 νότα
1047 877 1150 956 μεγιίλα
1163 901 1191 936 τε
1203 868 1235 946 ἦν
1249 877 1293 936 καί
1308 878 1416 940 ἄπιστα.
1433 879 1552 958 Θορύὸου
1565 880 1591 939 δὲ
1605 881 1675 949 ὄντος
1687 907 1748 940 νεα-

156 961 296 1032 πενθήσετε
308 959 334 1029 ἐξ
348 964 431 1040 ἀρχῆς
444 959 487 1018 aad
500 959 547 1032 τὴν
559 961 821 1040 πολυπραγμοσύνην,
836 959 887 1036 ἐγὼ
902 959 929 1018 δέ
974 969 1045 1022 νικοῦ
1058 964 1127 1022 κατὰ
1141 963 1187 1034 τὴν
1202 963 1343 1032 ἐκκλησίαν
1361 963 1406 1022 καὶ
1419 965 1511 1043 ογεδὸν
1524 967 1623 1034 οὐδενὸς
1637 969 1748 1044 δυναμέ-

157 1047 251 1125 ἀπειμι
261 1047 340 1106 πόλιν
353 1049 388 1114 είς
397 1046 439 1104 τδν
452 1047 650 1123 διατεταγμένον
662 1046 756 1106 τόπον·
770 1049 798 1106 ού
810 1047 930 1126 γάρόνευ
975 1072 1017 1108 νου
1029 1049 1156 1130 κρῖναιτά
1165 1048 1323 1128 πράγματα,
1332 1053 1432 1128 πρῶτος
1440 1048 1552 1124 Ὕλλος,
1562 1058 1576 1111 ό
1586 1056 1748 1131 νομιζόμενος

156 1133 223 1200 θείας
239 1133 385 1212 βουλήσεως
399 1127 474 1206 ἦλθον
490 1137 525 1200 είς
538 1139 633 1194 ταῦτα.
648 1161 660 1188 ι
675 1135 800 1194 Τοσαῦτα
820 1137 929 1194 είποῦσα
975 1136 1036 1215 παρ’
1050 1140 1113 1212 ἡμῖν
1124 1138 1153 1195 οὐ
1166 1135 1242 1211 μόνον
1254 1137 1344 1212 μάντις
1354 1135 1469 1216 ἀριστος,
1481 1139 1548 1197 ἀλλά
1561 1140 1605 1198 καὶ
1616 1143 1749 1200 οίωνοσκό·

156 1225 321 1300 παραχρῆμα
334 1219 432 1298 ἐγένετο
444 1220 538 1299 νεκρὰ,
553 1219 683 1289 ἐζετέτατό
692 1243 719 1278 τε
732 1219 774 1278 ἐπί
786 1221 831 1290 τῆς
844 1220 931 1291 κλίνης
975 1245 1021 1290 πος
1031 1223 1130 1304 κομψὸς
1144 1213 1224 1294 εἶναι,
1237 1222 1271 1282 τά
1285 1245 1313 1281 τι
1326 1223 1393 1280 ἄλλα
1406 1225 1573 1304 συνεωρακὼς
1587 1229 1613 1284 έν
1626 1228 1748 1307 τῇτέχνη

157 1305 266 1381 ι’μρανὲς
277 1305 307 1365 ab
321 1309 408 1384 σῶμα.
423 1308 479 1376 Τῆς
492 1305 818 1385 δέμητρδςπεριχυθείοης
830 1305 929 1378 καὶτοῦ
976 1311 1111 1386 περιττῶς,
1126 1307 1238 1373 ἀναστὰς
1252 1307 1367 1368 ἐκέλευεν
1381 1309 1429 1380 τὴν
1445 1311 1492 1386 μέν
1512 1309 1645 1390 ἀνθρωπον
1658 1296 1748 1372 κατα.-

155 1391 252 1470 πατρδς
262 1393 321 1472 περί
331 1392 411 1464 αὐτὴν
421 1392 466 1450 καί
479 1392 587 1472 θορύόου
597 1394 694 1450 πολλοῦ
703 1391 771 1450 aava
786 1392 832 1462 τὴν
846 1392 929 1451 οἰκίαν
975 1395 1057 1452 καίειν
1071 1392 1142 1461 έκτδς
1155 1393 1230 1472 ὁρίων
1244 1395 1288 1470 (οὗ
1302 1394 1352 1474 γάρ
1366 1395 1503 1476 συμφέρειν
1517 1396 1555 1456 ἔτι
1568 1398 1664 1469 ταύτην
1679 1401 1749 1466 ἐντὸς
1798 1399 1801 1405 ’

156 1480 293 1558 γενομένου
310 1477 353 1537 διὰ
366 1477 395 1536 τὸ
409 1478 504 1550 πάθος,
519 1483 554 1545 ὡς
573 1477 715 1549 ἀνηκέστου
726 1478 858 1556 γεγονότος
871 1477 931 1536 θτᾶ·
976 1481 1051 1560 ὁρίων
1066 1485 1170 1551 τεθῆναι
1187 1483 1222 1546 τίς
1241 1484 1321 1558 γῆν),
1341 1483 1583 1560 ἀπυτροπιιίσασθυι
1598 1485 1625 1543 δὲ
1646 1485 1749 1564 Ἑρμῆν

157 1565 321 1642 ματος,ἀμα
332 1589 360 1624 τε
374 1564 483 1624 ἀπίστου
499 1564 707 1642 συμπτώματος,
718 1565 819 1644 ταχέως
832 1563 931 1640 ἐγένετο
977 1569 1083 1630 Χθόνιον
1104 1567 1148 1626 καί
1170 1567 1332 1644 Εὐμενίδας,
1355 1559 1411 1627 εἶτα
1433 1569 1500 1628 ούτω
1522 1573 1749 1652 περικαθαίρεσθαι

157 1653 200 1711 διδ
210 1653 308 1720 πόλεως
317 1653 346 1711 τὸ
354 1661 464 1732 πρᾶγμα
474 1651 627 1730 περιῦόητον
638 1651 682 1710 καί
695 1673 739 1728 μοι
750 1650 928 1730 προσηγγέλη.
976 1655 1090 1724 πάντας,
1105 1651 1208 1730 ἁγνίσαι
1222 1651 1249 1712 δέ
1261 1652 1307 1712 καί
1320 1653 1352 1711 ed
1365 1653 1422 1734 ίερδι
1435 1655 1480 1714 καί
1497 1654 1546 1716 ὅσα
1564 1661 1628 1724 θεοῑς
1660 1660 1750 1726 θονίοις

158 1739 213 1809 Τὴν
226 1739 272 1816 μέν
281 1731 325 1798 οῦν
332 1738 412 1798 νύκτα
426 1738 523 1810 ἐκείνην
532 1737 701 1816 διακατέσχον
714 1736 764 1814 ἐγὼ
776 1737 833 1804 τοὺς
841 1737 932 1818 ὄχλους
976 1739 1106 1818 νομίζεται
1118 1742 1225 1809 ποιῆσαι
1237 1738 1401 1802 συνέτασσεν.
1421 1741 1500 1818 Ἐμοί
1513 1766 1541 1802 τι
1556 1744 1608 1824 ίδίορ
1623 1681 1678 1804 τότε
1690 1745 1750 1824 περὶ
1775 1791 1778 1796 a

157 1825 351 1905 ἀθροιζομένους
365 1825 408 1884 ἐπί
431 1823 477 1896 τὴν
492 1824 584 1897 οίιιίαν,
609 1823 760 1895 εὐλαόηθείς
780 1823 817 1902 μή
840 1848 877 1892 τις
891 1823 931 1895 εἴη
976 1832 1021 1884 τοῦ
1038 1825 1165 1902 βασιλέως
1183 1825 1229 1884 καῖ
1251 1829 1302 1884 τῦιν
1323 1827 1494 1906 πραγμάτων,
1514 1829 1582 1888 θύειν
1603 1854 1632 1888 τε
1648 1829 1750 1909 Ἑρμῆ,

156 1912 326 1994 νεωτερισμὸς
337 1912 517 1990 διαδεδομένης
533 1909 652 1982 τοιαύτης
665 1910 764 1990 φήμης.
779 1906 893 1992 Ὀρθρου
905 1911 932 1970 δὲ
977 1913 1020 1972 Διί
1032 1935 1061 1970 τε
1078 1912 1164 1990 Ξενίῳ
1178 1911 1223 1972 καί
1236 1909 1324 1989 Ἄρει,
1337 1913 1381 1972 κιιί
1398 1917 1526 1974 συντελεῖν
1545 1923 1628 1974 ταῦτα
1643 1915 1680 1992 μὴ
1694 1895 1750 1976 πά-

159 2001 249 2078 βαθέος
261 2003 359 2080 πλῆρες
374 1991 406 2071 ἦν
426 1999 456 2058 τὸ
470 1999 586 2078 θέατρον.
629 1997 772 2069 Ῥηθέντων
787 1997 814 2056 δέ
828 1995 932 2056 πόντων
977 1999 1081 2079 ρέργως,
1098 2002 1190 2060 Ταῦτα
1203 1999 1230 2057 δέ
1242 2001 1442 2078 ἀποφηναμένου
1454 2002 1544 2062 τούτου
1556 2002 1585 2062 τδ
1600 2003 1646 2080 μέν
1659 2027 1750 2064 συντα-

157 2086 224 2146 κατδι
236 2087 312 2166 μέρος
324 2085 392 2155 ίδοξι
402 2089 504 2166 πρῶτον
517 2087 639 2144 εἰσελθεῖν
654 2085 698 2144 aa
711 2083 755 2142 τδν
768 2084 849 2164 τάρον
860 2088 931 2160 ἡμᾶς
976 2085 1037 2164 χθίν
1051 2090 1126 2162 ἡμεῖς
1139 2084 1332 2165 ίπράττομεν,δ
1345 2087 1370 2145 δέ
1384 2085 1450 2153 ζένος
1463 2091 1477 2145 ὁ
1489 2089 1634 2166 Μαχαία-ης,
1647 2089 1711 2168 πρὸς
1722 2088 1749 2148 δν

159 2173 204 2232 καί
219 2173 368 2241 ἀνοίξαντας
382 2174 497 2246 είδῆσαι,
511 2171 618 2252 πότερον
632 2171 672 2242 εἴη
692 2171 721 2230 τδ
734 2174 809 2248 σῶμα
831 2169 873 2228 tet
887 2175 933 2242 τῆς
977 2172 1128 2252 παρεγίνετο
1139 2173 1169 2231 τό
1179 2171 1286 2251 φάσμα,
1298 2172 1341 2230 ὑπ’
1353 2173 1462 2248 ἀθυμίας
1477 2175 1567 2232 ἑαυτὸν
1580 2173 1688 2252 ἐξήγαγε
1705 2163 1754 2234 τοῦ

158 2260 246 2331 κλίνης
263 2259 281 2332 ἢ
303 2260 376 2319 κενὸν
394 2259 473 2320 τόπον
493 2261 652 2338 εὑρήσομεν·
667 2257 725 2317 οὐδί
738 2257 789 2338 γδιρ
809 2257 933 2334 ἑξάμηνος
978 2263 1033 2331 ζῆν.
1076 2257 1143 2319 'Eis
1156 2251 1200 2318 οῦν
1214 2281 1254 2317 σοι
1272 2259 1394 2338 φαίνηται
1411 2260 1470 2339 περί
1481 2259 1578 2320 τούτων
1592 2260 1699 2340 γράφειν
1713 2266 1750 2339 τῷ

159 2346 269 2426 ἐγεγόνει
282 2349 318 2426 τῷ
330 2345 432 2426 θανάτιρ
445 2349 491 2417 τῆς
504 2344 649 2424 ἀνθρώπου.
666 2341 836 2422 Ἀνοιχθείσης
849 2343 876 2402 δὲ
888 2345 932 2424 ὑφ’
979 2347 1096 2423 βασιλεῖ,
1113 2345 1255 2404 ἐπίστειλον
1267 2345 1362 2421 κάμοί,
1374 2343 1417 2404 ίναι
1431 2346 1476 2404 καί
1487 2349 1537 2404 τῶν
1551 2348 1680 2422 σωμάτων
1693 2349 1750 2406 τινδι

159 2440 233 2512 ἡμῶν
249 2438 293 2504 τῆς
304 2432 440 2512 καμάρας,
455 2433 491 2498 είς
501 2433 534 2504 ἣν
547 2431 639 2498 πάντες
652 2433 676 2489 al
686 2431 774 2489 οἰκεῖοι
786 2428 933 2508 μεταλλάσ·
977 2436 1028 2491 τῶν
1039 2431 1206 2510 ἱστορούντων
1219 2431 1252 2489 τὰ
1263 2431 1331 2492 κατδι
1345 2432 1421 2511 μέρος
1435 2431 1607 2500 ἐζαποστείλω
1619 2457 1667 2494 σοι.
1681 2432 1750 2514 Ἔρ-

160 2544 247 2586 σοντες
261 2520 384 2590 ἐτίθεντο,
402 2519 445 2576 tal
460 2515 507 2594 μέν
528 2521 578 2575 τῶν
594 2519 678 2576 ἄλλων
699 2516 885 2595 alandalosiae
900 2515 933 2574 ad
979 2541 1057 2598 ρωσα.

160 2605 271 2682 σώματα
288 2605 411 2682 κείμενα,
431 2608 482 2662 τῶν
496 2604 523 2662 δέ
546 2603 701 2681 παλαίτερον
715 2604 933 2674 τετελευτηκότων
1342 2624 1387 2678 31¹

160 2693 192 2751 τδ
203 2695 283 2770 ὀστᾶ,
295 2691 338 2752 ἐπί
350 2691 430 2770 μόνης
442 2690 469 2750 δέ
480 2682 510 2762 ἧς
523 2695 540 2764 ἡ
551 2689 684 2751 Φιλίννιον
694 2688 767 2761 ἐτέθη
780 2689 824 2748 καί
838 2687 933 2759 συνέῦη
1219 2749 1223 2756 ,

159 2785 273 2860 ταφῆναι
287 2778 395 2858 εὕρομεν
409 2777 569 2855 ίπικείμενον
589 2776 632 2836 τὸν
649 2776 784 2834 δακτύλιον
798 2775 841 2834 τδν
862 2777 934 2848 σιδη·
1019 2773 1130 2853 Ἱστορεῖ
1141 2773 1167 2832 δέ
1181 2774 1226 2832 καί
1239 2773 1349 2853 Ἱέρωνό
1363 2772 1565 2853 Ἀλεξανδρεθςῖη
1577 2776 1696 2856 Ἐρέσιος
1707 2779 1751 2836 καί

162 2872 233 2944 ροῦν,
252 2865 277 2932 θς
293 2857 324 2938 ἦν
339 2869 384 2924 τοῦ
398 2863 482 2937 ξένου,
495 2863 538 2922 καί
557 2861 587 2922 τδ
599 2861 790 2942 χρυσόκλυστον
805 2861 935 2940 ποτήριον,
980 2863 1006 2919 έν
1020 2859 1136 2939 Αίτυιλίορ
1148 2859 1241 2937 φάσμα
1254 2859 1382 2936 γενέσθαι.
1416 2858 1574 2939 Πολύκριτος
1585 2861 1636 2940 γάρ
1649 2886 1688 2928 τις
1701 2866 1751 2921 aba

161 3030 455 3094 ipsam,etprimoqaldcm
462 3027 937 3086 matiacconstematiadstitissentadmi·
980 3039 1035 3090 quaa
1050 3027 1091 3075 illa
1102 3027 1179 3090 primo
1196 3027 1235 3078 die
1252 3027 1390 3077 altachate
1407 3030 1540 3090 acceperat.
1550 3026 1664 3076 Admirati
1681 3029 1753 3090 atqua

161 3109 230 3158 rabili
237 3109 372 3172 spectaculo
379 3105 576 3168 attoniti,dainde
583 3107 781 3166 autemmegnum
788 3104 936 3153 sustulissent
980 3104 1102 3164 stupentes
1120 3115 1170 3165 prae
1189 3102 1358 3162 admiratione,
1375 3102 1456 3152 statim
1475 3101 1505 3151 ad
1524 3106 1702 3152 Demostratum
1729 3104 1753 3152 in

161 3185 300 3246 clamorem,
308 3187 332 3234 et
339 3183 410 3233 tiliam
419 3183 517 3232 luissent
523 3182 686 3244 circumplexi,
694 3181 727 3230 ibt
735 3182 787 3228 tum
794 3179 935 3230 Philinnium
980 3179 1135 3229 diversorium
1156 3193 1199 3229 nos
1209 3179 1365 3242 contulimus,
1375 3181 1403 3229 ut
1418 3179 1553 3230 videremus
1567 3193 1598 3230 an
1607 3193 1633 3230 rc
1646 3193 1701 3230 vera
1711 3193 1752 3228 ra·

162 3264 214 3312 lime
225 3261 329 3310 eisdinlt
344 3275 350 3308 :
364 3278 377 3302 r
392 3261 499 3308 Omater
510 3259 620 3320 sopater,
636 3269 709 3319 qaam
719 3257 806 3318 iniuste
821 3255 936 3305 invidistis
980 3257 1053 3306 daver
1062 3258 1166 3307 mulieris
1173 3258 1355 3319 conspiceretur.
1364 3257 1434 3316 Quod
1443 3271 1519 3320 quum
1534 3257 1673 3308 vidissemus
1686 3258 1752 3306 immi

161 3338 234 3400 milit,
248 3340 275 3386 ut
284 3350 340 3386 curn
351 3336 443 3399 bospite
452 3348 527 3384 assem
537 3347 578 3396 per
587 3333 695 3382 triduum
704 3332 729 3381 in
738 3331 809 3380 domo
823 3335 935 3393 paterna,
979 3337 1072 3398 jacere,
1089 3337 1114 3385 in
1132 3337 1270 3386 concionem
1290 3336 1445 3386 convenimus
1464 3349 1536 3386 :nam
1551 3340 1575 3386 et
1589 3349 1674 3397 magna
1685 3339 1754 3386 eraat

161 3415 251 3476 absque
260 3413 309 3463 ullo
320 3412 443 3462 maleficio.
458 3411 559 3461 Proinde
569 3423 613 3459 vos
622 3410 700 3458 denuo
711 3408 832 3470 lugebitis,
842 3411 937 3472 propter
981 3425 1036 3476 qum
1043 3416 1179 3473 evenerant,
1189 3415 1214 3462 et
1222 3413 1374 3462 incredibilia.
1384 3415 1465 3470 Quum
1472 3414 1553 3462 autera
1563 3412 1708 3463 inconcione
1715 3415 1753 3462 tn-

163 3495 267 3542 vestram
286 3491 450 3540 curiositatem
463 3505 468 3538 :
482 3503 524 3551 ego
545 3491 625 3538 autem
637 3499 730 3536 rursum
741 3487 801 3536 abeo
816 3487 845 3534 ad
855 3488 935 3536 locum
981 3491 1071 3540 multus
1082 3489 1205 3538 exsisteret
1213 3489 1303 3549 ingens,
1312 3501 1340 3537 ae
1353 3501 1424 3537 nemo
1434 3489 1482 3538 lere
1494 3489 1615 3550 negotium
1624 3489 1754 3550 dijudicare

162 3570 222 3620 ιιιίίιῖ
235 3570 399 3632 designatum
413 3581 460 3617 non
475 3567 538 3616 enim
550 3568 639 3629 absqrm
654 3565 734 3614 divina
750 3565 876 3614 voluntate
889 3565 937 3614 buc
984 3573 1075 3632 posset;
1086 3567 1175 3630 primus
1183 3567 1326 3629 liyllus‚qui
1336 3565 1399 3629 apud
1406 3579 1449 3616 nos
1458 3579 1506 3616 noa
1515 3567 1603 3616 ariolus
1612 3567 1683 3615 modo
1691 3568 1753 3628 opti-

162 3649 226 3697 veni.
240 3666 252 3690 ν
271 3649 330 3696 Ηεεο
344 3645 436 3706 locuta,
458 3643 502 3693 luit
517 3643 580 3692 illico
601 3645 710 3704 mortua,
736 3653 869 3704 corpusque
886 3643 938 3704 ejus
982 3659 1051 3706 mus,
1065 3643 1106 3694 sed
1117 3645 1141 3694 et
1155 3655 1231 3705 augur
1241 3644 1368 3706 praeclarus
1385 3641 1525 3704 trahebatur,
1538 3647 1610 3704 atque
1623 3643 1647 3692 in
1660 3647 1711 3692 arte
1721 3643 1755 3696 di·

162 3723 363 3785 conspicaumper
372 3721 460 3770 lectum
472 3723 647 3769 ateramum.
658 3719 733 3766 Matre
744 3719 823 3766 autem
833 3718 936 3766 circum·
983 3721 1078 3772 vinandi
1087 3721 1181 3772 abunde
1195 3721 1274 3770 omnia
1283 3721 1387 3770 babebat
1394 3725 1524 3783 perspecta,
1534 3733 1640 3782 surgens,
1651 3721 1755 3772 mulieris
1769 3751 1779 3766 .

164 3801 224 3860 trusa,
234 3811 263 3848 ac
271 3797 481 3861 patre‚cadaveri,
495 3809 628 3858 magnoque
637 3800 719 3844 coorto
727 3795 833 3844 tumultu
847 3796 872 3844 in
881 3794 938 3844 aalt-
982 3799 1083 3848 cadaver
1091 3797 1162 3860 jussit
1173 3801 1241 3848 entra
1253 3798 1311 3846 lines
1326 3797 1418 3859 sepeliri
1434 3797 1604 3860 (nequeenim
1622 3798 1755 3848 conducere

164 3877 211 3924 bus
227 3877 299 3937 atquae
315 3873 403 3934 ejulatu
424 3873 456 3921 ob
475 3872 544 3921 istam
559 3885 624 3931 mm,
636 3884 711 3934 quum
727 3873 751 3920 et
766 3870 938 3920 immedicabile
983 3879 1009 3924 at
1019 3875 1105 3924 iterum
1113 3875 1174 3924 intra
1186 3887 1227 3924 cos
1238 3871 1263 3922 in
1272 3876 1360 3923 terram
1369 3873 1500 3935 deponatur
1509 3875 1517 3932 )
1526 3889 1533 3932 ;
1543 3873 1687 3926 Mercurium
1698 3863 1754 3922 vero

163 3950 326 4014 spectaculum
342 3945 464 3998 accidisset
478 3950 502 3998 et
517 3947 660 3998 incredibilis
670 3959 739 3998 maus
756 3961 762 3995 :
778 3947 859 3997 statim
875 3948 939 3997 tama
982 3953 1118 4002 terrestrem
1134 3953 1159 4000 et
1169 3950 1251 4000 Furias
1265 3949 1367 4014 placari,
1379 3951 1431 3998 tum
1442 3962 1525 3998 omnes
1541 3949 1648 4010 purgari,
1662 3949 1755 3998 lustrari

165 4031 197 4078 rei
206 4027 414 4091 urbempercasit,
424 4027 448 4075 et
459 4023 489 4074 ad
500 4025 616 4075 meallata
624 4028 667 4075 est.
680 4027 751 4074 lstam
763 4025 834 4086 igitar
843 4027 938 4074 noctem
983 4027 1054 4076 etiam
1063 4039 1137 4088 sacra,
1145 4025 1240 4090 etlusta
1249 4026 1298 4074 lieri
1310 4024 1355 4074 diis
1367 4025 1490 4084 nauibus,
1508 4023 1636 4074 mandavit.
1650 4025 1756 4086 llilriqac

165 4119 208 4170 ago
226 4105 320 4155 turbam
337 4103 474 4161 bominum,
485 4115 540 4164 quae
549 4099 580 4150 ad
591 4101 654 4150 mdes
669 4115 708 4150 aas
719 4101 880 4160 continuerat,
890 4099 938 4148 dis·
983 4102 1093 4164 privatim
1110 4101 1235 4164 pracepit,
1248 4103 1276 4152 ut
1285 4113 1327 4162 pro
1340 4101 1480 4160 imperatore
1489 4103 1514 4148 et
1525 4100 1645 4161 republica
1658 4113 1708 4148 rain
1717 4114 1755 4148 aa·

166 4183 236 4246 linai,
247 4182 376 4232 veritusne
387 4179 443 4242 quid
456 4191 572 4230 novorum
582 4189 662 4228 rerum
674 4181 815 4238 tentaretur,
825 4177 865 4227 tati
876 4178 939 4227 ίίιιυα
983 4192 1049 4228 eram
1061 4178 1162 4228 iacerem
1174 4176 1304 4237 ltercurio,
1316 4175 1369 4228 iovi
1386 4175 1500 4237 llospitali
1509 4189 1537 4224 ac
1547 4177 1710 4238 Montesque
1718 4189 1756 4224 ac·

166 4261 286 4323 ‹lissipata
296 4263 395 4310 stimmo
404 4257 595 4307 maneretertum
604 4256 740 4305 bantinibus
749 4257 793 4306 ttrit
804 4257 923 4306 theatrum
930 4275 938 4318 ;
983 4255 1223 4308 curateconfieerem.
1256 4251 1756 4314 Haaeilloaltato,nosquodjusseratcnse-

166 4339 277 4388 carnibus
292 4337 428 4398 singulatim
446 4335 561 4396 narratis,
580 4335 670 4398 placuit
688 4337 716 4384 ut
735 4335 812 4398 primo
831 4335 939 4384 omnium
983 4335 1032 4383 cuti
1045 4346 1135 4383 sumas.
1146 4331 1266 4382 llacbates
1275 4333 1355 4380 autern
1365 4329 1626 4392 illebospos‚adqnem
1636 4333 1756 4390 spectrum

167 4418 256 4465 iremus
264 4413 295 4464 ad
305 4414 631 4478 sepulcrum,eoque·epert0
646 4411 781 4461 videremus
788 4445 796 4472 ,
809 4411 940 4462 cadaveme
984 4411 1198 4472 commearat,praa
1210 4410 1427 4456 mmroremortem
1444 4406 1487 4456 sibi
1504 4406 1626 4454 conscivit.
1655 4405 1757 4454 Proinde

168 4495 192 4543 in
210 4493 332 4554 sandapila
349 4495 420 4555 esset,
436 4503 469 4540 an
483 4505 541 4540 vcro
552 4503 655 4540 vacuum
664 4491 744 4539 locum
759 4491 918 4541 inveniremus
932 4512 938 4541 ι
984 4485 1125 4536 sistatueris
1135 4487 1178 4534 trac
1188 4485 1218 4536 de
1228 4497 1253 4534 re
1266 4483 1297 4533 acl
1315 4485 1482 4546 imperatorem
1493 4481 1608 4543 scribere,
1617 4482 1722 4542 significa
1733 4483 1756 4530 id

168 4567 347 4620 nondnmenim
357 4581 397 4617 sex
410 4569 609 4617 mensesamorte
622 4567 768 4616 mulierculae
782 4567 938 4630 elapsierant.
985 4580 1026 4629 per
1045 4566 1133 4614 litteras
1151 4565 1221 4626 milri,
1242 4565 1269 4614 ut
1281 4563 1352 4612 eliam
1364 4563 1481 4623 qarosdam
1501 4575 1599 4622 corvam,
1613 4561 1652 4622 qui
1665 4560 1757 4622 singula

170 4649 297 4708 Postquam
303 4645 438 4708 aperuimus
445 4645 768 4706 cameram,lnquamomnes
774 4643 841 4692 istius
847 4643 940 4692 tamiliae
984 4641 1171 4710 perlustraruat,
1181 4640 1210 4690 ad
1222 4642 1245 4690 te
1256 4643 1357 4690 mittam.
1368 4639 1435 4687 vale.
1533 4679 1535 4684 .

168 4726 274 4776 ‹teluncti
293 4723 476 4788 reponebantur,
491 4723 542 4772 aliis
556 4723 651 4784 quidem
663 4722 687 4771 in
702 4721 808 4771 culcitris
820 4723 940 4783 conspexi·
1349 4705 1353 4714 ¹

168 4817 223 4851 rrrrrs
232 4801 347 4850 caelavere
354 4801 411 4861 sita,
422 4803 445 4850 ct
453 4811 593 4848 ossaeorum
603 4797 708 4860 quiante
718 4799 819 4860 spatium
830 4799 941 4860 temporis
1349 4763 1391 4812 ³¹¹

170 4873 262 4942 tongins
273 4877 367 4927 tuerent
376 4877 463 4928 mortui
478 4899 483 4909 ·
496 4879 518 4926 in
529 4893 556 4927 ea
566 4877 624 4936 sota,
636 4877 659 4924 in
672 4890 743 4938 auam
754 4877 856 4938 reposita
865 4879 889 4924 et
907 4891 940 4926 se·
1016 4877 1100 4926 Narrat
1109 4875 1180 4924 etiam
1192 4873 1272 4928 llicro,
1284 4873 1333 4921 sive
1345 4869 1518 4921 Alexandrinus
1529 4869 1549 4918 is
1559 4869 1608 4928 cst,
1620 4869 1669 4916 tuve
1680 4869 1756 4928 Epitre-

171 4959 236 5018 pulta
260 4955 336 5003 irrorat
359 4955 519 5014 l‘iiilinuium,
540 4953 673 5002 invenimus
691 4953 807 5013 iacentem
826 4953 941 5001 annulum
985 4953 1047 5013 sius,
1067 4953 1090 5000 ίιι
1103 4950 1187 5002 AEtoiia
1203 4952 1322 5012 spectrum
1337 4947 1462 4998 exstitisse,
1474 4945 1605 5008 Polycritus
1618 4943 1715 5005 quidam
1727 4943 1757 5016 do

171 5035 288 5094 l‘earcum,
309 5033 351 5098 qni
376 5033 453 5083 luerat
476 5031 586 5094 trosliitis,
609 5033 632 5081 et
657 5031 768 5096 poculum
797 5031 940 5098 innormans,
986 5029 1116 5087 civibus‚a
1129 5022 1584 5090 populogcnti,Etolacpraclcctnmipsi
1598 5020 1756 5076 AEtolarcliam
