3974 5724
819 341 1065 400 FRAGMENTA.
1689 351 1741 398 ιιι

144 473 306 546 migraverit
316 468 340 545 );
362 471 407 526 hic
428 488 496 524 tero
518 487 524 527 :
549 468 676 543 Πολέμων
691 469 763 547 ἐντῇ
780 469 921 547 Ἑλληνικῇ
969 473 1115 528 historicos
1126 473 1201 544 apud
1213 471 1326 526 Suitlam
1342 481 1513 526 numeretur.
1532 474 1569 524 lle
1583 482 1742 544 temporum

144 555 246 636 ἱστορίᾳ
262 558 315 635 (ιλιι
333 559 465 632 Neptuno
483 569 511 612 et
529 559 640 612 lunone
656 558 692 612 de
705 576 774 632 agro
790 560 922 632 Argolico
969 561 1113 614 notatione
1139 559 1217 632 qnod
1239 558 1336 613 scribit
1361 557 1569 626 Groddecltius,
1595 561 1684 613 cernis
1708 579 1741 613 ex

144 641 407 719 contendentibus).
426 645 465 702 De
485 655 649 719 argumento
666 646 764 719 operis
779 646 816 700 ita
839 645 923 700 habet
969 646 1004 700 fr.
1029 646 1062 701 13
1084 648 1265 701 Polemonem
1286 655 1413 718 tempora
1429 645 1592 718 regulorum
1614 648 1740 718 Argivo-

145 733 309 787 Pammene
322 749 330 787 ι
349 757 361 779 ι
385 733 415 786 Si
426 731 551 786 Athenaei
570 729 661 800 locos,
676 731 726 786 ubi
740 733 806 787 citat
828 732 923 786 Hella·
967 752 1031 788 rum
1043 733 1211 800 distinxisse,
1222 731 1271 786 sed
1283 743 1362 788 erant
1371 733 1438 786 tales
1448 733 1610 804 quaestiones
1619 734 1659 786 illi
1672 735 1743 787 atati

143 819 233 885 dium,
244 837 447 892 comparamus,
458 821 541 874 etiam
548 818 602 872 boc
609 819 639 872 in
650 837 736 892 opere
742 819 926 874 Polemonem
966 822 1030 876 satis
1039 822 1159 892 anitatae,
1175 838 1266 892 neque
1278 829 1428 893 propterea
1442 818 1478 873 de
1493 835 1578 890 opere
1590 820 1744 874 chronolo-

142 905 197 960 sibi
216 907 370 962 constitisse
382 915 410 960 et
422 915 454 960 ut
472 907 642 979 periegetam
656 923 754 960 verum
765 923 794 960 se
813 906 923 979 gessisse
967 908 1227 982 gicocogitandum.
1240 909 1305 962 Hac
1315 908 1447 962 haetenus
1457 905 1492 959 de
1501 918 1665 980 argumento
1677 907 1744 963 Hel·

143 989 298 1062 videmus3'
309 995 398 1048 altero
414 995 487 1048 enim
509 993 573 1048 loco
596 993 719 1067 disputat
743 993 779 1048 de
800 992 924 1048 donariis
967 993 1060 1052 ludici.
1073 993 1288 1067 Adscrupulum
1299 995 1424 1048 Athenaei
1434 991 1512 1064 qnod
1520 996 1631 1060 attinet,
1645 1005 1743 1050 tenen-

143 1081 281 1154 Olympiae
300 1081 456 1146 manans,
472 1079 560 1134 altero
576 1080 612 1135 de
627 1079 751 1134 donariis
768 1080 920 1152 Delphicis.
968 1079 1036 1134 dnm
1050 1081 1121 1135 hanc
1132 1081 1280 1136 formulam
1294 1073 1740 1151 Πολέμωνῆὅστιςδποιήσσςκολ.
1771 1105 1776 1114 ·

45 1189 50 1200 ·
143 1169 207 1238 Quo
229 1168 252 1222 si
271 1166 353 1222 addis
367 1166 520 1240 fragmenta
541 1167 587 1220 illa
605 1185 621 1220 a
642 1167 719 1220 iulio
743 1165 875 1220 Africano
896 1176 924 1220 et
968 1178 1089 1222 nontam
1100 1165 1744 1242 idsignificare,Polemonemhnnclibruntnon

42 4625 46 4636 ·
151 4603 217 4651 sicuti
225 4589 317 4652 abaliis
325 4601 450 4662 sicyonius
458 4601 586 4662 dictastis
594 4615 690 4651 cansam
700 4604 835 4666 verobujus
844 4620 928 4669 cogno·

143 1254 291 1310 scholiasta
312 1252 440 1308 Aristidis
460 1263 580 1318 servata,
594 1254 643 1326 qui
665 1242 785 1308 eundem
804 1253 922 1317 librum,
968 1255 1120 1326 scripsisse,
1136 1273 1221 1326 qnam
1239 1254 1358 1308 dubium
1374 1254 1454 1307 luisse
1469 1251 1585 1308 Polemo
1605 1255 1744 1326 scripserit

144 1359 231 1412 quent
251 1341 303 1413 ipsi
322 1339 419 1394 dicunt
434 1337 547 1414 ἱστορίαν
564 1335 731 1408 Ἰἐλληνιιιήη
747 1339 783 1394 de
799 1341 923 1411 antiqni—
967 1357 1003 1396 an
1018 1342 1100 1409 alius;
1121 1342 1154 1398 cf.
1170 1360 1231 1414 quae
1245 1341 1280 1396 de
1294 1341 1429 1396 similibus
1443 1340 1569 1394 lonnulis
1590 1339 1625 1394 de
1639 1343 1743 1395 carmi·

145 1429 247 1484 tatibus
265 1431 407 1500 Argorum
426 1425 575 1494 adhibent,
593 1437 671 1500 apte,
685 1437 716 1480 nt
727 1426 796 1480 mihi
809 1426 923 1498 quidem
967 1427 1048 1483 nibus
1061 1429 1273 1501 posthomericis
1287 1429 1424 1500 usurpatis
1445 1426 1572 1482 disseruit
1592 1425 1746 1484 Nitzsclrins

144 1516 267 1584 videtur,
279 1515 424 1588 collegeris
434 1510 587 1570 Ἑλλαδικὸν
596 1516 755 1570 Polemonis
764 1532 822 1568 non
832 1513 867 1570 de
878 1532 924 1568 so-
967 1515 1105 1571 Meletem.
1118 1517 1160 1570 De
1169 1515 1234 1571 hist.
1246 1515 1330 1569 Hom.
1343 1514 1408 1570 fasc.
1424 1515 1466 1580 ll,
1481 1531 1509 1586 p.
1525 1515 1571 1569 lV.
1585 1515 1641 1568 Kil.
1660 1513 1743 1590 1832,

145 1605 175 1658 lis
187 1603 320 1676 Delphis,
334 1602 478 1673 Olympia,
496 1603 577 1674 Argis
600 1601 695 1666 luisse,
707 1601 828 1669 nedum,
845 1601 924 1673 qnod
966 1619 996 1674 p.
1014 1619 1063 1676 ¹93
1074 1602 1111 1658 cs.
1125 1604 1204 1658 Hall.
1215 1605 1251 1658 A.
1264 1603 1297 1658 L.
1314 1600 1398 1668 1838,
1409 1602 1638 1673 Ergoenanngsbl.
1650 1603 1687 1656 Ν
1701 1601 1743 1657 (8.

146 1688 350 1762 ΨοΙολοσιιο(’)
358 1690 487 1760 opinatus
495 1699 566 1761 erat,
577 1688 613 1744 de
622 1691 680 1745 sola
689 1690 819 1762 Sicyone,
829 1689 878 1743 sed
888 1689 924 1744 de
969 1690 1003 1742 Et
1013 1699 1089 1761 patet
1097 1690 1178 1744 talem
1190 1689 1394 1744 dubitationem
1404 1688 1484 1742 facile
1491 1689 1613 1742 suboriri
1623 1692 1745 1761 potuisse

145 1778 222 1831 omni
241 1776 362 1842 Graecia,
382 1784 413 1830 ut
423 1785 616 1848 argumentum
628 1775 687 1832 sere
700 1775 776 1830 idem
787 1775 868 1830 lesisse
878 1795 927 1858 οισι.
968 1774 1003 1828 de
1014 1776 1097 1844 libro,¹
1109 1795 1192 1848 quem
1202 1778 1360 1831 niaximein
1368 1775 1744 1848 manibusperegrinantinm
1802 1839 1807 1849 ¹

144 1865 234 1919 bitrer
248 1872 334 1935 atque
347 1862 392 1934 id,
409 1861 488 1934 quod
503 1862 648 1918 Pausanias
664 1863 827 1936 complexus
842 1873 881 1918 est
896 1863 924 1916 in
968 1861 1049 1915 inisse
1063 1863 1198 1918 credibile
1218 1873 1272 1928 est,
1287 1863 1365 1917 sicuti
1379 1861 1441 1916 fleri
1455 1861 1525 1914 solet
1540 1860 1573 1914 in
1588 1861 1666 1916 libris
1680 1861 1743 1917 din·

145 1953 296 2025 scriptione
315 1947 492 2028 περιηγήσιως
506 1947 633 2016 Ἑλλάδος
656 1970 662 2005 :
679 1969 847 2024 quamquam
866 1953 924 2004 Po·
968 1957 1052 2002 turno
1065 1951 1251 2022 popularique
1261 1967 1311 2004 mn
1322 1951 1403 2017 tritis,
1414 1959 1445 2002 ut
1455 1947 1504 2002 abs
1514 1967 1571 2020 quo
1581 1950 1666 2020 primi
1677 1949 1745 2004 editi

147 2040 218 2094 lenm
229 2040 314 2094 etiam
326 2037 362 2092 de
371 2037 493 2092 Dodona
505 2038 639 2110 peculiari
647 2039 770 2094 sectione
781 2057 923 2092 conamen·
967 2037 1021 2088 sint
1033 2037 1124 2090 tainus
1132 2039 1272 2110 principio
1281 2047 1432 2110 quaeratur,
1446 2035 1549 2089 deinde
1562 2036 1681 2089 dubium
1688 2035 1744 2090 liat.

147 2137 217 2180 tatus
230 2135 305 2194 erat,
319 2123 398 2196 quod
414 2125 561 2180 Pausanias
575 2143 634 2179 non
649 2123 723 2180 fecit.
740 2126 820 2179 blanc
840 2127 925 2198 igitur
968 2124 1143 2195 Quamquam
1156 2125 1331 2180 Helladicum
1351 2123 1509 2178 Polemonis
1522 2140 1592 2194 opus
1605 2139 1662 2176 esse
1680 2123 1746 2178 lite-

145 2209 300 2290 περιήγησιν
319 2208 446 2276 Ἑλλάδος
463 2224 570 2284 partem
591 2211 811 2284 fuissesuspicor
830 2231 923 2289 πιριη-
968 2211 1034 2264 tatis
1045 2213 1140 2266 saltem
1155 2211 1317 2265 bominibus
1330 2211 1393 2265 satis
1409 2209 1586 2282 exploratum
1601 2209 1682 2263 luisse
1700 2213 1744 2262 vi·
1832 2248 1841 2262 .

145 2299 245 2373 γήσιως
262 2301 337 2354 illins
352 2295 518 2372 οἰκουμένης,
543 2301 626 2370 eique
644 2289 797 2372 pro'pterea
818 2309 925 2355 ceteros
968 2296 1061 2364 detur,
1075 2299 1207 2370 qunmab
1219 2299 1295 2352 Julio
1307 2297 1441 2352 Africano
1451 2305 1479 2350 et
1491 2297 1636 2351 scholiasta
1647 2299 1764 2352 Aristi-'

146 2389 255 2456 titulos,
269 2387 318 2458 qui
332 2385 369 2440 ad
377 2386 548 2460 singularum
556 2374 702 2440 civitatum
710 2386 869 2442 Graecarum
879 2405 931 2460 pe·
969 2383 1093 2440 disidem
1099 2387 1123 2441 ei
1131 2387 1190 2442 sine
1196 2387 1253 2441 nlla
1260 2387 1389 2441 cantione
1398 2381 1581 2453 adscribatur,
1588 2383 1745 2440 dummodo

145 2475 263 2548 rieges'm
280 2474 423 2546 pertinere
437 2471 608 2541 riderentur,
618 2472 805 2544 subjiciendos
817 2476 923 2547 putavi.
968 2484 1044 2528 recte
1060 2473 1185 2545 jndicem
1206 2469 1365 2541 Ἑλληνικὴν
1385 2468 1501 2548 ἱστορίαν
1516 2471 1590 2526 idem
1606 2491 1676 2545 opus
1690 2491 1746 2529 esse

144 2565 228 2616 Secns
245 2559 384 2632 judicarit
401 2558 596 2616 Groddeclrius
607 2559 684 2613 Initt.
710 2561 815 2618 Histor.
835 2559 923 2616 Graec.
969 2560 1047 2632 quod
1058 2557 1225 2618 ‘Eiicienda
1241 2587 1303 2612 ν..
1314 2563 1373 2634 Ego
1385 2559 1500 2631 quidem
1520 2559 1595 2612 lulio
1614 2561 1745 2616 Africano

146 2651 244 2705 litter.
255 2648 313 2705 rol.
325 2649 368 2714 ll,
382 2665 412 2720 p·
434 2645 471 2719 95
489 2664 496 2702 t
512 2671 523 2694 ν
541 2648 656 2702 Polemo
670 2679 722 2716 -,
736 2649 785 2719 qui
799 2648 925 2722 splendi-
969 2658 997 2700 et
1006 2648 1177 2716 Scholiasta,
1192 2649 1220 2702 in
1231 2647 1333 2702 tradito
1347 2647 1594 2709 anctorisnomine
1604 2647 1679 2702 bona
1691 2647 1747 2702 fide

145 2739 382 2808 dissimaqnteque
392 2734 510 2789 donaria
519 2735 548 2787 in
556 2734 801 2790 celeberrimarum
811 2735 924 2790 urbium
969 2737 1208 2806 acquiescentibus
1225 2735 1302 2790 hand
1325 2735 1445 2788 multum
1467 2735 1622 2788 tribuerim.
1644 2736 1746 2789 Mirum

145 2826 256 2899 templis
271 2824 395 2897 reposita
411 2821 564 2892 subjunctis
578 2823 804 2896 inscriptionibus
818 2825 848 2878 in
860 2825 926 2896 plu·
969 2832 1061 2875 autem
1071 2832 1111 2876 est
1117 2822 1282 2877 Athenaeum
1292 2823 1437 2894 velpotius
1446 2819 1504 2890 ejus
1513 2831 1667 2888 auctorem,
1679 2821 1745 2875 dtnn

146 2913 223 2969 ribus
237 2911 317 2966 libris
337 2910 523 2982 descripserat
540 2921 568 2964 et
586 2911 749 2966 Graecorurn
764 2912 923 2980 historiam,
970 2907 1745 2979 dellelladicianctoredubinshaereat,nese1nelqui·

146 2999 220 3074 lifes
231 2994 446 3066 ‘Rllqstaa‘nlll
456 2997 772 3070 libriscumtcmpornm
779 3001 924 3054 notatione
971 2995 1035 3048 dem
1056 2994 1192 3065 ejusmodi
1207 2997 1336 3050 cautione
1355 2995 1396 3048 uti
1409 2994 1438 3046 in
1456 2992 1584 3064 plurimis
1597 2993 1649 3045 illis
1663 2993 1745 3058 locis,

146 3095 328 3162 exposuerat,
346 3109 358 3134 a
385 3085 434 3155 qui
456 3085 575 3138 nimium
598 3085 698 3139 tribuit
714 3087 863 3156 mutationi
882 3087 925 3140 isti
970 3081 1017 3134 nbi
1029 3083 1136 3155 singula
1149 3083 1309 3136 Polemonis
1321 3097 1409 3153 opera
1422 3079 1465 3133 vel
1478 3079 1600 3152 singulos
1612 3079 1698 3133 libros
1712 3079 1747 3132 de

147 3175 220 3228 tituli
238 3168 412 3239 Ἑλλαδικοῦ,
430 3187 513 3243 quam
534 3170 646 3226 admisit
658 3171 748 3226 lulius
767 3173 922 3242 Africanus,
969 3186 1032 3224 arce
1047 3169 1221 3244 Atheniensi,
1237 3168 1273 3223 de
1289 3168 1485 3240 Sicyoniorum
1499 3167 1614 3238 poecile,
1635 3166 1671 3218 de
1690 3169 1744 3221 Lu-

150 3273 176 3314 et
199 3259 238 3315 de
261 3257 393 3313 undecim
418 3257 641 3312 libris-historiae
662 3259 826 3314 Graecorum
846 3259 926 3332 quod
970 3255 1206 3312 cedaemoniornsn
1218 3253 1368 3328 ἀναθήμασι
1382 3267 1436 3311 etc.
1453 3255 1564 3308 excitat.
1579 3255 1678 3308 Nonne
1689 3255 1746 3308 haec

149 3347 265 3412 scribit,
283 3344 462 3400 llelladicum·
474 3362 539 3398 curn
554 3363 639 3418 opere
651 3344 783 3400 adversus
793 3347 924 3401 Timaeum
971 3347 999 3400 in
1008 3363 1068 3400 eam
1077 3346 1171 3418 potins
1180 3344 1288 3399 ducunt
1296 3343 1458 3398 sententiam
1467 3383 1474 3410 ,
1484 3351 1516 3395 ut
1524 3351 1674 3394 statuamus
1685 3343 1748 3395 llei-

149 3434 226 3488 edito
237 3431 396 3488 confudisse
409 3429 532 3488 videtur.
542 3431 718 3505 Quamquam
733 3432 924 3505 apndlulinm
970 3432 1091 3488 ladicnm
1106 3451 1165 3486 non
1185 3431 1267 3486 fnisse
1284 3431 1478 3486 collectionem
1493 3429 1646 3494 librorum,
1662 3445 1745 3499 quant

151 3521 210 3576 nir.
225 3521 243 3576 l.
258 3522 278 3578 l.
293 3521 315 3574 si
329 3519 432 3593 legitur
445 3516 572 3592 Πολέμων
594 3519 620 3574 ἰν
634 3523 667 3594 τῇ
679 3515 771 3596 πρώτῃ
788 3521 840 3576 τῶν
861 3517 923 3579 Ἑλ·
970 3520 1005 3574 de
1018 3520 1133 3594 singolis
1145 3520 1257 3575 Graeciae
1270 3517 1432 3591 regionibns
1444 3517 1602 3588 singillatim
1619 3513 1745 3567 ediderat

149 3607 260 3674 ληναῶν
278 3605 408 3682 ἱστοριῶν,
422 3603 553 3675 conjicias
570 3605 637 3684 inde
652 3608 735 3661 etiarn
748 3608 924 3664 llelladicnm
972 3607 1027 3680 (ita
1038 3610 1111 3662 enim
1122 3608 1261 3660 Prellerns
1270 3607 1372 3659 sentire
1385 3604 1498 3658 videtur
1508 3605 1515 3676 l
1526 3644 1534 3669 ,
1547 3603 1595 3657 sed
1606 3602 1744 3655 diversum

150 3696 176 3747 in
189 3693 287 3767 plnres
300 3693 389 3746 libros
402 3691 537 3762 partitum
556 3691 650 3760 luisse,
666 3693 780 3749 sonasse
796 3696 923 3750 similiter
970 3695 1052 3768 plane
1067 3711 1152 3767 opus,
1173 3693 1287 3746 illorum
1302 3693 1379 3763 qnasi
1396 3691 1551 3763 epitomen,
1574 3691 1601 3742 in
1622 3691 1747 3762 peregri-
1805 3689 1809 3696 '

99 3762 105 3775 ⁸
150 3791 233 3853 atque
244 3778 385 3834 husaniae
396 3773 551 3852 περιήγησιν
566 3773 752 3852 ‘Eliaiioa‚nt
765 3781 848 3853 primi
861 3782 926 3836 libri
971 3783 1095 3836 nantium
1110 3799 1175 3835 usus
1196 3781 1396 3852 compositam,
1419 3777 1675 3850 atquedubitatum
1690 3794 1747 3831 esse

151 3867 251 3922 luerint
267 3864 303 3920 de
318 3863 531 3936 antiquitatibus
544 3867 642 3920 Atticis
660 3869 737 3922 etsie
750 3887 850 3942 porro.
871 3869 926 3923 Sed
971 3887 1038 3922 num
1052 3885 1113 3923 eam
1125 3870 1183 3942 ipse
1194 3869 1310 3922 Polemo
1325 3885 1360 3921 an
1371 3868 1440 3922 alins
1454 3864 1568 3936 qnidam
1583 3863 1747 3919 elaborave-

150 3953 297 4008 bistoricos
310 3952 368 4004 noli
382 3959 483 4024 putare
493 3951 545 4006 hos
556 3952 643 4006 libros
662 3953 742 4008 luisse
757 3973 762 4006 :
782 3973 846 4010 nam
858 3957 925 4008 atti·
972 3957 1016 4023 rit,
1028 3957 1107 4009 sicuti
1118 3954 1216 4008 eadem
1224 3955 1363 4008 dubitatio
1377 3953 1412 4006 de
1424 3949 1543 4006 atthidis
1556 3951 1747 4006 Philochoreae

149 4041 187 4110 git
209 4033 325 4111 quidem
343 4037 459 4092 Polemo
480 4037 624 4094 historiam
648 4051 703 4094 tam
728 4043 757 4094 in
780 4041 925 4096 llelladico
971 4041 1141 4114 compendio
1156 4039 1233 4113 apud
1248 4040 1439 4094 nosinvaluit.
1456 4039 1545 4091 Porro
1567 4053 1601 4090 ex
1616 4036 1747 4092 Africano

151 4145 235 4198 quam
258 4128 287 4179 in
312 4126 411 4180 ceteris
432 4127 645 4198 scriptionibus,
668 4145 765 4182 verum
785 4129 851 4183 lacit
872 4129 926 4184 hoc
971 4127 1059 4200 liquet
1071 4128 1194 4200 primum
1204 4126 1340 4181 Helladici
1352 4126 1454 4179 librum
1464 4123 1543 4177 sitisse
1556 4123 1591 4177 de
1601 4124 1745 4197 Argolide,

150 4213 262 4268 nonnisi
285 4213 313 4265 in
340 4221 498 4266 transcursu
524 4224 552 4267 et
584 4214 668 4288 longe
699 4217 810 4287 parcius
839 4233 924 4288 quam
972 4214 1159 4268 nonverode
1174 4215 1278 4280 Attica,
1294 4211 1470 4267 statuendum
1485 4213 1617 4286 igiturex
1633 4211 1747 4266 Prelleri

151 4299 310 4366 Pausanias,
330 4308 362 4352 ut
380 4298 490 4352 minore
510 4301 592 4354 etiam
610 4317 695 4372 quern
713 4302 758 4356 bic
770 4301 834 4371 jure
854 4303 928 4358 inter
970 4303 1103 4356 sententia
1114 4301 1186 4355 foret
1197 4301 1371 4368 Atltenaenm,
1383 4301 1504 4370 primnm
1515 4300 1556 4354 De
1566 4298 1692 4368 acropoli
1703 4301 1749 4352 At·

973 4390 1026 4443 tica
1043 4387 1146 4442 librum
1164 4386 1334 4452 laudantem,
1359 4405 1417 4440 non
1431 4387 1592 4438 continuam
1610 4382 1748 4438 librorum

181 4466 213 4521 (Ἰ
234 4463 328 4513 fflfflffl
348 4461 493 4512 thd‘efuss
510 4463 578 4523 Uici·
596 4475 620 4524 Ρ·
640 4471 682 4524 ⁵⁶,
699 4463 778 4514 Suffiffi
793 4468 928 4518 testimonio
972 4477 1065 4547 operis
1078 4476 1192 4542 seriem,
1216 4474 1265 4530 sed
1280 4474 1454 4548 singulorum
1475 4472 1612 4543 capitum,
1626 4487 1748 4541 quorum

152 4533 237 4594 'idm’
249 4532 403 4582 mmmm
418 4532 578 4582 mmmm
586 4533 779 4595 mmmmm
789 4541 929 4588 mmm
972 4561 1119 4628 nonnulle,
1133 4562 1203 4615 sient
1213 4559 1332 4614 illudDe
1345 4575 1423 4624 arce,
1436 4559 1500 4611 item
1515 4558 1543 4608 in
1554 4555 1648 4628 plures
1661 4555 1749 4612 libros

152 4672 219 4722 mena,
227 4673 252 4721 ῃ,
260 4684 289 4720 ω
301 4671 409 4720 mmm
423 4671 860 4734 ,qb575q01„,‚q„0dpoqefflopbmm
873 4678 930 4726 scri,
973 4649 1057 4703 totius
1066 4647 1209 4720 dispertita
1220 4647 1336 4710 luerint,
1346 4645 1494 4700 divisiones
1502 4642 1602 4698 allerre
1612 4643 1747 4699 maluisse.

151 4744 195 4803 tait
203 4742 234 4793 tle
246 4743 377 4805 nomm
387 4741 515 4803 sicyoniis,
526 4753 629 4804 qnorum
640 4746 705 4792 secta
719 4745 838 4794 liehadtca
848 4747 929 4809 appel.
972 4734 1057 4805 Quod
1079 4737 1128 4788 etsi
1145 4733 1206 4788 lieri
1228 4731 1367 4787 interdum
1390 4732 1473 4798 solet,
1489 4731 1517 4783 in
1534 4747 1568 4784 eo
1587 4740 1679 4785 mmen
1700 4733 1748 4804 qui

152 4812 192 4862 ¹³¹5
201 4813 270 4864 W·
285 4832 298 4854 ⁸
307 4814 369 4868 ΟΜ
378 4811 504 4871 mmm,
515 4813 632 4862 Preliffttt
640 4813 682 4872 til·
693 4813 785 4863 θῑῑᾶώδί
795 4815 826 4865 de
835 4816 930 4867 immine
974 4839 1047 4875 nnnc
1061 4831 1100 4876 est
1113 4839 1208 4876 rerum
1218 4829 1299 4886 statu,
1311 4819 1360 4872 ubi
1372 4819 1464 4873 omnia
1477 4835 1509 4873 ex
1524 4817 1665 4874 levissimis
1675 4815 1749 4872 indi-

152 4883 180 4929 ’ἦ
196 4881 286 4932 “mm
302 4894 358 4962 ‘3¹¹¹'
376 4881 629 4960 immim‘m’hmen
645 4884 767 4964 ²3¹5¹¹⁵¹¹⁰f
783 4889 835 4946 ω’
853 4899 929 4948 ‘¹⁰⁰⁰‘
975 4909 1023 4961 ciis
1037 4905 1225 4961 construenda
1244 4915 1322 4972 sunt,
1345 4905 1486 4959 sententiae
1507 4903 1624 4960 Prelleri
1643 4901 1747 4981 [modo
1777 4937 1789 4962 ι

152 4956 212 5002 secta
224 4951 350 5002 llelledtca
361 4949 490 5010 diceretur,
507 4963 554 4999 non
570 4951 627 5014 qula
642 4955 742 5014 Stryme
757 4953 870 5015 florebat,
889 4956 930 5006 scd

153 5022 205 5080 quq,
219 5019 329 5083 ,mmm
341 5021 394 5069 “⁸2
403 5017 527 5080 stratam,
545 5023 571 5068 „t
583 5023 596 5068 ὁ
607 5022 739 5076 mm„
756 5036 788 5071 sc·
799 5025 867 5086 λόγος
884 5025 930 5071 m„
975 5003 1050 5048 recte
1068 4993 1160 5046 virum
1172 4991 1362 5047 doctissimum
1376 4988 1580 5062 intellexerim)
1593 5007 1693 5062 parum
1707 4987 1748 5047 la·

153 5091 214 5142 aime
221 5092 252 5140 sil
265 5091 330 5140 taem
341 5089 408 5153 quod
421 5091 435 5137 i
447 5092 579 5146 Σικυώνιος.
593 5113 604 5134 ν
973 5095 1039 5136 tere
1054 5078 1174 5134 videtur.

258 5185 405 5226 anacastra
421 5185 515 5222 tttstutt.
531 5189 571 5224 GR.
588 5200 613 5219 s·
628 5187 682 5225 vot.
698 5189 731 5224 tlt.
1630 5185 1644 5220 Ι
