3910 5728
237 301 292 350 ιιο
628 289 632 298 ·
835 285 1052 349 rouuuoms
1074 287 1232 363 retunsis

234 421 407 494 Olympiam,
433 418 572 492 Delphos,
602 417 769 486 Dodonam,
801 419 948 490 Syracusas
971 419 1008 474 ad
1053 419 1175 491 aliquam
1187 421 1216 474 in
1227 421 1384 476 columnam
1399 419 1508 476 incidit.
1520 419 1590 479 Aliae
1603 419 1726 493 ejusdem
1740 441 1820 480 voca·

234 517 391 564 extremum
399 521 489 578 usqae
499 504 632 578 angulum
644 505 839 577 perquisivisse
851 523 915 560 eum
929 505 1009 560 dixe-
1053 507 1114 562 buli
1128 507 1223 562 formae
1236 518 1301 561 sunt
1316 503 1476 575 οτηλοκόπος
1490 519 1519 563 et
1538 505 1718 581 στηλοκόπης,
1737 528 1821 582 quum

235 597 281 652 ris.
294 625 333 640 ·-
349 594 390 651 Ab
405 603 464 648 arte
477 611 525 648 sua
541 604 569 648 et
584 588 748 668 Περιηγητὴς
762 593 961 650 nominabatur
980 603 1009 648 et
1054 593 1144 650 sonna
1161 590 1324 660 στηλοκόπας
1338 593 1466 648 dorismis
1478 593 1689 652 adnumeranda
1699 596 1821 652 videatur

237 677 422 751 Στηλοιιόποις,
437 697 559 752 quorum
572 679 644 734 illud
661 679 804 752 peculiare
817 680 848 734 id
867 680 1009 736 scribendi
1054 680 1084 734 in
1107 681 1250 754 vulgarem
1275 679 1425 735 dialectum
1445 681 1522 738 haud
1544 700 1610 738 raro
1632 684 1762 754 seraptim
1788 685 1820 740 cs.

118 769 120 772 ’
234 785 321 841 genus
338 764 490 842 significat,
506 765 586 838 quod
605 765 765 822 aDiodoro
786 767 947 822 Atheniensi
962 768 1009 820 in·
1054 765 1170 820 Lobeclt
1180 763 1216 820 ad
1228 763 1376 845 Phryn.'p.
1392 763 1460 834 638,
1472 765 1594 839 adAjac.
1606 786 1635 828 v.
1645 769 1714 836 604,
1725 787 1753 841 p.
1768 786 1820 842 apa

235 855 367 910 choatum
381 871 396 908 a
409 862 506 909 nosu‘o
520 852 556 908 ad
573 871 728 921 summum,
750 852 828 926 quod
848 853 877 908 in
891 853 946 908 hoc
958 871 1009 926 ge·
1054 867 1096 921 sq.
1112 851 1176 906 coll.
1190 869 1221 923 p.
1237 839 1304 915 όόο.
1320 854 1407 908 Recte
1418 872 1486 908 vero
1501 853 1679 912 casaubonus
1696 857 1779 912 etiam
1795 857 1823 910 in

237 961 304 998 nere
325 941 449 1014 prestari
471 948 599 1013 poterat,
623 938 793 1013 perductum
815 957 871 994 esse
884 939 1008 997 videtur.
1054 937 1126 1004 hoc,
1140 937 1219 1012 quod
1229 937 1356 1008 joculare
1375 939 1432 996 hoc
1446 958 1551 998 nomen
1568 943 1702 1016 appellat,
1721 941 1758 997 da
1771 960 1823 1015 qua

237 1031 365 1086 Alterum
391 1045 549 1102 cognomen
575 1029 746 1100 peculiarem
771 1026 927 1100 mumdum,
954 1045 1010 1100 qua
1054 1041 1084 1078 ra
1099 1041 1177 1078 secus
1192 1023 1328 1094 judicarit
1342 1025 1605 1098 Wegener.Daaul.
1619 1031 1678 1087 Att.
1696 1046 1728 1101 p.
1751 1033 1822 1098 ani,

237 1117 357 1172 maxime
369 1117 442 1170 inter
456 1125 563 1170 ceteros
582 1115 738 1188 periegetas
751 1115 879 1180 eminuit,
897 1113 1010 1170 laudem
1054 1110 1172 1164 nimium
1184 1111 1231 1164 ille
1240 1111 1457 1184 opinanionibus
1466 1115 1522 1168 suis
1531 1113 1567 1170 de
1576 1113 1732 1182 academia,
1742 1132 1823 1186 quarn

236 1203 397 1259 Polemonis
411 1201 534 1271 indicat,
550 1212 584 1256 ut
596 1202 647 1274 qui
661 1212 730 1256 esset
742 1201 841 1256 unicus
854 1201 1009 1274 inscriptio.
1055 1193 1137 1262 dicit,
1154 1197 1323 1269 Pergamena
1336 1197 1482 1272 indulgens
1498 1217 1504 1254 :
1519 1224 1531 1250 a
1545 1188 1702 1273 Stelocopae
1713 1219 1822 1274 cogno-

236 1307 306 1344 num
315 1297 454 1346 scrutator
467 1305 502 1342 ex
511 1287 700 1342 monumentis
708 1287 829 1360 publicis
838 1285 1011 1362 colligenda·-
1054 1299 1121 1336 men
1131 1284 1225 1337 nescio
1235 1301 1271 1338 an
1285 1285 1443 1339 Polemonis
1456 1285 1540 1341 fuerit
1551 1287 1582 1342 in
1592 1286 1735 1344 academia
1746 1291 1824 1344 Atta-

234 1394 298 1431 rum
321 1386 349 1430 et
372 1393 407 1430 ex
427 1376 624 1446 antiquitatum
635 1371 759 1430 'scientia
781 1373 1007 1446 aperiendorum,
1055 1364 1110 1422 lica
1123 1368 1161 1422 ob
1180 1369 1316 1442 insignem
1333 1371 1364 1423 in
1379 1371 1608 1444 inscriptionibus
1627 1372 1788 1446 colligendis
1801 1383 1825 1428 et

235 1457 400 1538 Περιηγητὴς
419 1462 575 1536 appellatur
593 1460 670 1534 apud
691 1459 782 1518 strab,
807 1460 858 1528 lx,
879 1480 910 1534 p.
935 1466 1006 1530 240,
1055 1452 1227 1526 explicandis
1244 1455 1408 1510 collocatam
1422 1474 1534 1529 operam
1548 1458 1670 1531 gloriosa
1686 1470 1712 1514 et
1729 1459 1825 1512 hono·-

234 1548 407 1616 Athen,1x‚
423 1565 454 1620 p,
471 1547 538 1617 372,
555 1549 596 1622 Δρ
610 1545 677 1616 387,
698 1546 820 1620 F3x11‚
841 1565 870 1620 p,
882 1546 950 1616 602,
971 1549 1008 1614 1²3
1055 1537 1133 1596 riflca
1146 1541 1294 1614 appellatio
1314 1561 1321 1596 :
1340 1565 1352 1592 ν
1370 1544 1420 1614 qui
1435 1543 1576 1600 videatne
1590 1544 1756 1602 academicis
1772 1547 1825 1600 suis

236 1636 300 1703 XV,
314 1652 344 1707 p,
357 1633 425 1707 696,
440 1635 519 1706 1⁸³3V²
532 1651 564 1708 p,
578 1651 647 1702 210,
660 1635 699 1704 Δρ
712 1633 854 1688 Plutarch,
865 1634 916 1690 vit,
928 1635 1013 1690 Atat,
1055 1627 1184 1682 tribuerit
1195 1627 1305 1683 facetias
1313 1629 1496 1700 subrusticus,
1511 1631 1612 1702 qulbus
1625 1632 1763 1702 placuerit
1773 1631 1823 1686 lto·

237 1741 262 1780 ο,
284 1721 333 1790 13,
348 1722 444 1794 steph.
459 1722 493 1777 Β.
514 1739 542 1778 v.
567 1718 697 1786 Δωδώνη,
717 1719 795 1776 Suid,
817 1739 844 1777 v,
870 1715 1009 1792 Πολέμων,
1054 1715 1826 1790 minemlitteratissimumnominarelapicidam.0mnino

236 1808 354 1864 Videtur
372 1808 426 1862 eibi
441 1807 498 1880 ipse
517 1807 547 1860 in
567 1807 654 1861 titulis
673 1805 812 1860 librorum
832 1807 886 1862 hoc
906 1824 1010 1860 nomen
1055 1802 1133 1870 talia,
1152 1818 1215 1874 quae
1233 1801 1323 1858 doctis
1343 1803 1410 1858 viris
1428 1802 1505 1876 apud
1520 1803 1631 1860 Graecos
1646 1802 1825 1874 indebantur,

234 1894 405 1960 attribuisse,
425 1911 483 1964 quo
503 1910 623 1966 quarum
644 1893 746 1948 artium
766 1893 917 1965 professio,
944 1911 1008 1964 quae
1055 1889 1223 1958 cognomina
1239 1869 1376 1958 iocularia
1398 1889 1562 1962 plerumque
1588 1901 1652 1944 eunt
1674 1901 1702 1946 et
1723 1891 1826 1948 babent

234 1978 606 2052 studiacomprehendantur
616 1980 826 2052 explicatissima
837 1979 1009 2038 demonstra·
1055 1974 1192 2030 aculeum·
1223 1975 1268 2030 Sic
1298 1976 1421 2030 Nicanor
1450 1977 1640 2032 Aristarchffli
1666 1975 1827 2051 Στῑτματῖας

235 2067 312 2122 bitur
325 2068 416 2140 capite
436 2067 528 2122 tertio.
547 2062 718 2136 Στηλοκόπας
732 2067 888 2139 appellatur
902 2067 937 2122 ab
953 2067 1009 2122 He-
1055 2057 1160 2128 dictus,
1171 2061 1226 2116 hoc
1245 2071 1283 2116 est
1300 2063 1416 2136 proprie
1427 2081 1518 2119 servus
1531 2061 1745 2138 κατιστιγμίνοε,
1762 2068 1825 2138 quia

235 2153 335 2208 rodico
349 2153 475 2209 Crateteo
488 2170 534 2225 ap.
551 2154 654 2212 Athen.
666 2155 714 2222 Vl,
727 2171 758 2226 p.
774 2152 840 2218 aii,
855 2155 899 2208 D:
913 2153 1007 2208 ἐπεκα·
1055 2145 1211 2202 doctrinam
1223 2149 1439 2223 interpungendi
1450 2151 1544 2206 multis
1553 2150 1631 2206 libris
1645 2163 1827 2225 persequutus

235 2240 305 2296 λιῖτο
317 2237 343 2294 il
357 2236 403 2294 καὶ
417 2236 600 2307 Στηλοκόπσς,
612 2239 647 2301 ὡς
661 2234 795 2313 Ἡρόδικος
809 2240 823 2294 ὁ
839 2237 1008 2314 Κρατήτειος.
1055 2244 1114 2290 erat
1127 2232 1180 2310 [cf.
1200 2237 1294 2294 Schol.
1316 2239 1433 2310 Dionys.
1458 2239 1523 2309 Thr.
1546 2256 1592 2310 ap.
1605 2239 1693 2293 Bekk.
1715 2241 1823 2296 Anecd.

235 2327 278 2382 De
293 2323 437 2380 Herodico
450 2325 620 2397 Babylonio,
633 2324 750 2380 Cratetis
771 2325 924 2398 discipulo,
945 2329 1010 2399 ple·
1053 2339 1082 2393 p-
1100 2321 1155 2391 758
1177 2341 1219 2396 sq-
1237 2322 1292 2394 763
1315 2341 1395 2396 sqq„
1413 2325 1544 2380 Wartou.
1569 2343 1615 2398 ap.
1631 2325 1716 2383 Gales.
1733 2328 1824 2386 Poett.

235 2412 502 2484 nisaimedisputavit
511 2414 660 2486 Wegener.
672 2413 714 2466 De
724 2412 781 2468 aul.
793 2415 849 2466 Att.
859 2430 888 2485 p.
901 2411 1007 2486 asssq.
1054 2409 1123 2466 min.
1143 2411 1192 2478 lv,
1217 2429 1248 2484 p.
1272 2409 1324 2484 3),
1345 2408 1410 2467 διότι
1424 2409 1599 2485 ότολολόγησε
1619 2409 1678 2490 περὶ
1695 2413 1826 2487 στιγμῶν,

237 2501 341 2554 Vocem
363 2496 533 2568 Στηλοκόπιις
553 2499 750 2570 Dalecampins
769 2497 806 2552 ad
820 2500 920 2556 Athen.
938 2500 958 2554 l.
981 2519 1007 2557 c.
1054 2506 1086 2549 ut
1099 2497 1137 2550 ait
1151 2497 1275 2556 Eustath.
1288 2515 1317 2570 p.
1336 2515 1388 2566 ao,
1404 2517 1449 2556 ra.
1471 2499 1560 2554 Simili
1578 2499 1753 2556 cavillatione
1774 2501 1826 2556 Sa-

235 2584 421 2640 revocandam
432 2586 541 2657 putavit
553 2583 717 2640 adverbum
731 2581 902 2654 ατηλιτεόειν,
915 2585 1008 2652 στηλο-
1055 2591 1131 2654 tyrus
1152 2583 1225 2650 Ζῆτα
1246 2584 1337 2638 dictus
1354 2579 1396 2639 dul
1417 2581 1447 2640 τὸ
1470 2580 1606 2654 ζητητικόν
1630 2585 1723 2656 αὐτοῦ,
1742 2587 1825 2644 Phot.

235 2671 469 2743 adnavessequasi
478 2668 689 2742 όσπηλιτευμόνον
699 2673 756 2726 sire
768 2669 1008 2746 ἐστηλοκόπημόνον
1054 2669 1125 2726 Bibl.
1136 2689 1166 2742 p.
1183 2669 1247 2728 151.
1261 2671 1290 2728 b.
1303 2671 1391 2726 Beltk.
1405 2713 1413 2746 ,
1427 2673 1578 2746 Dionysius
1591 2668 1765 2750 Ἀσκάλαφος,
1777 2685 1828 2730 aut

235 2755 244 2826 ό
254 2757 291 2816 es.
309 2759 410 2814 Pollux
420 2760 482 2826 VII,
500 2757 552 2830 73,
569 2759 689 2831 Hesych.
704 2777 730 2814 v.
751 2757 942 2834 Στηλιτεῦτσι,
953 2763 1008 2816 Dio
1053 2767 1172 2828 propter
1192 2758 1398 2814 lucubrationes
1418 2759 1539 2816 assiduas
1556 2769 1605 2816 aut
1622 2756 1713 2830 ἐπειδὴ
1727 2757 1829 2837 μακρός

235 2845 307 2904 Cass.
323 2845 418 2912 XLII,
432 2840 465 2918 9]
476 2887 484 2914 ,
497 2855 530 2900 ut
543 2844 621 2916 cujus
640 2863 745 2900 nomen
757 2845 794 2900 ob
807 2845 948 2902 desertum
959 2866 1009 2902 va·
1054 2840 1099 2898 καλ
1112 2840 1203 2907 λεπτὸς
1213 2833 1244 2914 ἦν
1260 2841 1304 2900 κοιλ
1315 2843 1413 2920 ὠχρός,
1426 2857 1458 2902 ut
1477 2831 1518 2904 aii
1528 2848 1621 2920 Etym.
1642 2847 1682 2904 Μ.
1702 2866 1733 2921 p.
1754 2847 1829 2922 2783

235 2931 391 2988 dimonium
411 2931 540 2988 videanar
554 2931 691 2988 οοόιιιιειιεε
711 2933 876 3006 inscriptum
894 2944 923 2988 et
935 2935 1009 2990 insa·
1054 2929 1090 2983 cf.
1109 2931 1215 2986 Fronto
1235 2950 1264 3004 p.
1278 2937 1314 3004 94
1337 2931 1439 3006 Nieb.,
1459 2933 1536 2988 unde
1554 2935 1734 3008 cognoscitur
1751 2936 1830 2992 bunc

235 3028 340 3074 matum
357 3017 454 3086 luisse,
479 3021 529 3092 qui
552 3009 613 3074 mos
633 3019 779 3076 obtinebat
799 3020 924 3076 Athenis.
947 3022 1009 3078 Alia
1053 3017 1234 3091 Dionysium,
1247 3037 1331 3092 quem
1344 3021 1471 3076 nominat
1482 3025 1647 3088 tenuiorem,
1664 3023 1829 3096 nragisnum

236 3107 428 3179 interpretatio
452 3107 553 3162 Valesii
575 3118 616 3162 est
636 3107 673 3162 ad
694 3109 836 3179 Harpocr.
850 3127 877 3162 v.
894 3103 1007 3180 Ἄξονες,
1054 3105 1206 3163 Frontonis
1216 3107 1307 3162 fuisse.
1322 3106 1498 3180 Quamquam
1517 3109 1619 3164 talibus
1633 3110 1831 3183 originationi-

239 3193 419 3247 Potemonem
436 3189 608 3260 Στηλοκόπαν
632 3193 740 3248 dictum
754 3211 811 3248 esse
831 3195 869 3248 ob
891 3196 1009 3252 maledi·
1053 3191 1105 3246 bus
1117 3191 1187 3246 nihil
1200 3192 1382 3247 tribuendum
1395 3210 1452 3248 esse
1464 3203 1559 3248 censet
1574 3193 1705 3250 Lehrsius
1713 3194 1830 3266 Quaestt.

237 3283 369 3346 centiam,
383 3279 480 3349 quain
493 3280 600 3351 eosqui
614 3279 649 3334 ab
663 3297 692 3334 se
707 3278 884 3336 dissentirent
894 3284 1010 3338 saevisset
1053 3277 1124 3350 epic.
1135 3294 1165 3350 p.
1181 3295 1217 3352 19
1229 3296 1291 3352 sqq.
1310 3303 1322 3328 ι

236 3373 264 3418 et
284 3387 296 3412 ι
319 3362 398 3436 τρισσὰ
420 3381 517 3419 omnes
532 3367 683 3438 scriptores
707 3369 784 3438 quasi
805 3368 1008 3442 proscriberet,
1207 3393 1256 3446 DE
1277 3391 1438 3450 scpppqqg
1456 3391 1673 3452 popffloms·

236 3445 398 3520 lccqllraua,
412 3447 617 3520 ἐστηλοιιόπησε.
636 3453 786 3508 νΒίεεεπείι
799 3453 833 3508 ab
845 3453 900 3508 hoc
910 3455 1008 3510 Casuu-

236 3535 345 3603 bonus,
360 3545 469 3590 rectum
487 3535 564 3592 haud
586 3537 673 3592 dubie
690 3537 789 3594 videns
801 3540 831 3592 in
845 3539 916 3608 hor,
931 3541 1009 3612 quod

238 3639 341 3676 nomen
353 3624 463 3696 repetiit
476 3623 512 3678 ab
525 3623 617 3678 studio
632 3625 793 3680 Polemonis
805 3627 836 3680 in
846 3627 1008 3700 inscriptio-

236 3708 319 3764 nibus
337 3710 430 3781 posito
456 3729 463 3762 ε
490 3733 502 3758 ι
524 3709 580 3780 Qui
599 3720 673 3765 tanta
698 3710 838 3784 diligentia
857 3730 1009 3785 graecarum

237 3795 351 3850 urbium
366 3797 559 3868 inscriptiones
579 3796 615 3852 de
636 3798 789 3865 columnis,
811 3799 892 3871 pilis,
914 3803 1009 3856 statuis

237 3891 265 3936 et
284 3899 368 3938 omne
386 3899 471 3956 genus
485 3883 609 3938 donariis
622 3883 821 3958 descripsisset,
837 3885 1009 3954 Στηλοκόπας

233 3967 351 4040 joculari
365 3968 492 4041 quidem,
502 3969 551 4024 sed
564 3955 704 4044 aptissimo
718 3973 833 4026 nomine
848 3983 888 4026 est
902 3973 1007 4042 dictus,

1095 3501 1181 3556 Tituli
1207 3501 1357 3556 laudantur
1379 3519 1464 3576 supra
1488 3503 1610 3577 triginta.
1635 3501 1744 3575 Quibus
1769 3519 1832 3558 non

1054 3588 1186 3643 omnibus
1199 3589 1350 3662 peculiaria
1365 3607 1451 3662 opera
1464 3589 1583 3645 indicari
1595 3607 1678 3644 nemo
1690 3607 1748 3644 non
1760 3607 1833 3643 con-

1054 3677 1178 3744 cesserit3
1189 3675 1237 3730 sed
1247 3677 1361 3748 quinam
1372 3677 1446 3732 tituli
1458 3686 1601 3748 tamquam
1612 3687 1706 3749 partes
1714 3675 1834 3746 majoris

1054 3761 1147 3833 operis
1161 3760 1351 3833 componendi
1364 3763 1432 3830 sint,
1448 3779 1482 3816 ex
1494 3759 1613 3816 arbitrio
1623 3761 1711 3835 magis
1721 3759 1834 3833 pendet

1054 3866 1136 3919 quam
1149 3849 1231 3902 certis
1245 3849 1412 3921 argumentis
1426 3847 1611 3902 demonstrari
1624 3857 1727 3920 potest.
1749 3847 1833 3902 Prel-

1054 3935 1127 3989 lerus
1139 3952 1226 4008 opera
1239 3935 1400 3989 Polemonis
1410 3935 1440 3988 in
1452 3945 1587 4006 quattuor
1598 3935 1692 3989 classes
1701 3933 1833 4008 digessit,

1054 4038 1172 4092 quarum
1197 4021 1289 4092 prima
1315 4021 1477 4075 inscribitur
1509 4017 1670 4095 Περιήγησις
1697 4016 1834 4092 κοσμική,

236 4049 310 4154 “Pil
329 4050 372 4109 ‘ll
386 4050 466 4155 ²65⁰?
480 4052 524 4110 τὸν
543 4053 602 4155 “fil
616 4052 662 4118 τὰς
676 4053 782 4124 ‘'vlla‘'
801 4054 1009 4124 εἰσδοὶοκόπους
1054 4103 1319 4184 αΙῑοτειἈντιγραροιό
1352 4107 1434 4161 tertia
1449 4103 1605 4162 Ἐπιστολαί
1635 4116 1735 4178 quarta
1747 4105 1835 4161 Com·

236 4141 382 4212 dixerunt,
394 4159 444 4214 qut
454 4141 620 4198 industriam
629 4154 656 4198 et
670 4144 795 4201 laborem
805 4163 917 4200 omnem
928 4165 1008 4202 suum
1054 4151 1351 4249 memewmvarik·
1378 4193 1507 4266 Singulos
1526 4151 1628 4247 deind}
1641 4191 1737 4246 titulo,
1753 4191 1838 4246 hunc

236 4225 273 4283 ad
293 4228 389 4302 glm
403 4229 711 4328 ⁸u⁰ull¹um.rls⁰mm'
726 4232 771 4286 8¹⁰
793 4241 874 4286 enam
890 4230 1009 4332 elml-
1054 4281 1083 4332 in
1093 4280 1209 4334 modum
1222 4278 1412 4352 disponendos
1427 4296 1484 4334 esse
1494 4280 1590 4332 statuit
1605 4275 1732 4353 [Titulos
1744 4277 1838 4331 latine

236 4315 504 4390 mmppeuabam'
520 4333 570 4387 qm
583 4335 614 4370 m
634 4315 804 4416 &mellendo
818 4319 927 4391 populo
942 4338 1008 4376 Νι·
1053 4369 1170 4440 scriptos
1180 4371 1237 4440 ipse
1250 4367 1405 4438 Prellerus‚
1422 4375 1456 4419 ut
1467 4375 1590 4420 tenorem
1603 4365 1725 4436 aliquem
1738 4373 1837 4418 mate-

236 4399 291 4455 due
312 4401 565 4474 occupabantur.»
588 4404 624 4457 Et
638 4415 820 4460 assentiuntur
841 4406 1007 4461 Casaubono
1070 4457 1076 4468 ,
1393 4453 1401 4506 l
1439 4453 1444 4466 .
1494 4471 1500 4484 ι

235 4487 378 4542 lacobsius
386 4488 707 4546 Animadverss.Anthol.
717 4491 1006 4566 Prolegg.p.XXXV.
1053 4474 1158 4510 mamm
1171 4453 1308 4522 efficerel’
1321 4471 1391 4526 supp
1403 4449 1478 4526 ml]
1493 4492 1500 4506 '

237 4583 264 4626 et
271 4573 418 4628 Boeclthius
429 4575 541 4632 OEcon.
551 4575 633 4632 Civit.
647 4577 685 4630 11.
697 4594 727 4648 p.
738 4574 904 4650 281‚C0rp.
917 4579 1004 4635 Inscr.
1192 4583 1215 4638 l.
1239 4579 1474 4638 ΠΕΡΙΗΓΗΣΙΣ
1499 4577 1687 4637 ΚΟΣΜΙΚΗ.

236 4659 293 4714 vol.
307 4658 331 4716 l.
345 4659 425 4732 pras.
439 4679 467 4732 p.
482 4661 558 4718 VIII.
571 4662 640 4716 Mihi
659 4661 694 4716 de
708 4679 739 4716 re
752 4663 927 4735 exploratum
939 4663 1010 4719 aide·

237 4756 293 4814 tur,
308 4747 458 4820 originatio
472 4749 547 4819 ipsa,
560 4766 644 4821 quam
659 4751 806 4822 proposuit
817 4747 1007 4819 Casaubouus,

236 4849 346 4888 vereor·
358 4843 390 4887 ut
411 4845 484 4888 recte
504 4834 614 4892 habeat.
635 4837 707 4890 Nam
727 4836 885 4908 repetierim
910 4855 1007 4892 vocem

236 4913 399 4988 στηλοκόπας
407 4938 466 4974 non
477 4939 492 4976 ει
505 4919 597 4993 κόπος,
608 4923 656 4978 sed
669 4941 686 4978 a
698 4919 819 4997 κόπτειν,
832 4923 908 4978 unde
921 4920 1007 4991 κοπίς,
1093 4922 1127 4980 α’.
1150 4920 1217 5000 Περὶ
1231 4923 1276 4991 τῆς
1292 4919 1427 4992 Ἀθήνησιν
1442 4919 1623 5000 ἀκροπόλεως,
1635 4919 1716 4976 libris
1725 4922 1761 4977 tv
1796 4920 1836 4976 fr.

237 5016 269 5061 ut
291 5002 454 5074 στηλοκόπας
473 5009 507 5063 sit
527 5009 662 5080 lapicida,
683 5011 704 5062 is
727 5011 775 5082 qui
799 5010 1006 5082 inscriptionem
1057 5009 1139 5068 1—5.

1323 4712 1347 4748 1.
1378 4701 1562 4750 ΕΛΔΑΔΙΚΟΣ.

1366 4823 1389 4860 a.
1409 4805 1512 4860 Attica.
