3944 5728
810 343 1056 404 FRAGMENTA.

200 473 276 534 άγλαὰ
285 472 356 534 φύλλα
368 473 472 521 λαθοῦσα
481 473 545 522 λύσιν
557 478 632 522 κακοῦ
642 473 700 533 ἦμος
711 475 738 522 διν
750 475 803 536 ἔλθη

200 543 258 604 ripun
267 542 348 605 χρόνος
358 541 420 604 μάλα
429 549 516 600 κείνας,
527 545 550 591 ἐν
562 544 582 604 ᾤ
594 558 650 591 ποτε
659 543 731 591 τᾶλλα
743 545 837 604 νεθγνη·

200 614 317 675 τρωοδητε
326 613 409 661 παύσει
422 628 449 660 σε
459 613 609 674 κακῶν.,άμα
619 612 639 660 δ’
653 613 761 668 Ἑλλάδος
770 615 796 661 ἐκ
805 619 857 674 γῆς·

201 681 273 743 αὐτὰρ
284 686 328 730 σοῦ
339 681 473 742 μεταόᾱσαν
486 681 614 744 ἐποτρύνεις
626 681 758 743 ἀγορεῦσαι.

503 845 550 902 to.

180 998 225 1058 Ἐν
234 996 261 1056 δέ
272 998 398 1078 Μεσσήνη
408 1001 436 1058 αθ
445 998 496 1080 πρδ
502 1001 604 1058 πολλῶν
612 1003 688 1077 ἐτῶν,
698 999 816 1080 ὦςρησιν
825 1000 914 1060 Ἀπολ-

139 1083 242 1158 λώνιος,
256 1083 351 1156 συνίόη
370 1085 443 1142 πίθον
457 1085 522 1166 λίθῳ
535 1085 709 1161 πεποιημένον
725 1091 835 1166 ῥαγῆναι
855 1110 913 1166 χει-

140 1170 233 1248 μώνων
247 1170 291 1252 βίῳ
301 1171 346 1229 καλ
358 1171 449 1238 ὕδατος
461 1174 557 1230 πολλοῦ
572 1173 767 1252 ἐπενεχθίντος,
782 1179 912 1254 προχυθῆ·

139 1283 183 1318 ναι
195 1259 221 1318 δέ
233 1262 311 1319 αὐτοῦ
321 1259 436 1340 κεφαλὴν
447 1261 604 1339 τριπλασίαν
613 1265 659 1331 τῆς
671 1260 847 1338 ἀνθρωπίνης·
857 1261 915 1328 τοὺς

78 1347 80 1352 ’
140 1347 167 1406 δέ
181 1346 286 1414 ὀδόντας
297 1345 365 1426 ἐχειν
382 1348 539 1426 διστοίχους·
552 1346 746 1418 ἀναζητούντων
759 1347 785 1406 δέ
797 1347 864 1414 τίνος
874 1347 913 1420 είη

139 1439 157 1504 ἠ
179 1431 296 1513 κεφαλὴ,
318 1435 435 1505 δηλῶσαι
457 1433 505 1505 τλν
528 1432 686 1514 ἐπιγραφήν·
708 1429 811 1493 ι’ίδεω
832 1462 843 1486 ι
863 1433 914 1514 γάρ

141 1520 329 1600 ἐγκεχσίρακτο.
348 1519 455 1600 Ἕτερον
477 1511 520 1579 οόν
542 1521 655 1600 δημοσίῳ
675 1521 915 1589 κατασκευάσαντες

141 1608 215 1666 πίθον
229 1607 346 1666 ἐνέθεσαν
365 1609 408 1666 καὶ
423 1609 613 1688 άσραλίστερον
628 1607 769 1678 ἐκήδευσαν
783 1608 826 1666 τὸν
840 1609 914 1687 ἥρωα

141 1698 165 1754 οί
188 1693 350 1771 Μεσσήνιοι,
374 1699 463 1754 τοῦτον
489 1693 584 1762 ίδόντες
605 1693 683 1766 ὄντα,
705 1693 764 1774 περὶ
786 1685 816 1754 οό
837 1717 914 1774 ῳησιν

139 1779 273 1863 'operor

202 1911 269 1961 Ἴδεω
282 1913 301 1960 θ’
313 1911 337 1968 ὃς
348 1911 469 1974 κάρτιστος
479 1911 616 1974 ἐπιχθονίων
626 1912 698 1974 γίνετ’
710 1911 806 1974 mur,

203 1987 249 2030 τῶν
260 1981 325 2030 τότε·
336 1982 376 2030 καί
386 1983 415 2044 ῥα
424 1983 523 2037 όνακτος
532 1982 633 2032 ἐναντίον
647 1983 720 2030 είλετο
727 1983 792 2038 τόξον

202 2052 293 2101 Φοίδου
301 2051 460 2109 Ἀπόλλωνος,
472 2052 627 2115 καλλισφύρου
637 2053 714 2102 είνεκα
725 2052 822 2114 νύμφης.

506 2183 552 2241 tr.

183 2310 229 2370 Ἐν
247 2309 388 2389 Δαλματίρ
401 2333 428 2368 τε
444 2313 470 2369 ἐν
485 2313 522 2390 τῷ
540 2314 587 2382 τῆς
603 2309 749 2391 Ἀρτίμιδος
763 2311 915 2393 καλουμένῳ

142 2397 263 2476 σπηλαίῳ
275 2396 344 2456 ἐστιν
358 2399 419 2456 ἐδιῑν
434 2397 519 2456 πολλά
531 2396 657 2474 σώματα,
677 2389 713 2456 ὧν
727 2398 760 2456 τδ
771 2403 819 2470 τῆς
831 2401 914 2458 πλευ-

143 2493 189 2562 ρᾶς
201 2485 267 2542 ὀστᾶ
278 2483 435 2563 θπερθαλλει
447 2484 587 2543 ίκκαίδεκα
600 2483 703 2564 πήχεις.

503 2633 550 2692 to.

182 2761 351 2830 Ἀπολλώνιος
365 2761 392 2821 δέ
406 2766 420 2820 θ
439 2764 621 2842 γραμματικὸς
640 2765 753 2842 ίστορεῖ,
778 2764 822 2823 tut
835 2766 913 2825 Τιόε-

144 2851 198 2929 ρίου
213 2849 330 2928 Νέρωνος
344 2849 450 2924 σεισμὸν
462 2854 615 2928 γεγενῆσθαι
628 2851 673 2909 καί
688 2849 785 2916 πολλὰς
799 2851 843 2909 καὶ
858 2855 914 2911 ὀνυ-

143 2940 243 3016 μαστδς
253 2940 338 3008 πόλεις
348 2945 393 3011 τῆς
405 2939 490 3006 Ἀσίας
503 2941 583 3019 ἄρδην
598 2945 783 3021 ἀφανισθῆναι,
796 2941 826 3008 δίς
839 2941 913 2999 Uere·

194 3109 300 3162 exsputa
307 3107 354 3151 dies
362 3107 437 3160 robis,
450 3107 549 3162 νοιίεουο
558 3109 626 3163 petits

196 3177 250 3226 oue
260 3175 332 3219 rotrst
343 3173 432 3220 tandem
442 3175 553 3228 erumnis,
564 3175 686 3231 reddetque
695 3175 800 3232 qrnieteur.

194 3245 247 3288 ileo
257 3247 281 3288 tu
295 3255 331 3288 rne
338 3245 402 3289 terris
415 3245 509 3290 excitum
518 3243 562 3289 tatu
572 3247 667 3300 Pelasgis

195 3315 307 3356 ttrentura
315 3313 356 3356 uui
365 3313 478 3368 quondam
490 3313 610 3369 praedtoere
618 3315 685 3370 οοιςίε

174 3481 288 3529 Mesene
309 3481 364 3530 unte
379 3493 453 3530 annos
463 3493 512 3530 uon
524 3482 629 3541 inuitos,
646 3485 673 3532 ut
685 3483 823 3545 spottontus
834 3487 917 3534 sertor

143 3559 188 3618 est,
204 3557 295 3605 dotium
314 3569 344 3606 ex
354 3557 432 3620 lupide
445 3559 589 3618 confertim,
603 3559 626 3607 ri
640 3561 806 3621 tempestatum
822 3565 847 3610 et
857 3563 917 3610 sttu-

146 3634 216 3681 rione
226 3633 327 3694 eopiosse
342 3645 425 3694 eque,
437 3635 535 3694 ruptum
553 3637 602 3694 est;
617 3637 680 3684 etex
693 3648 723 3685 eo
738 3636 803 3685 dolio
814 3637 917 3686 ettusunr

143 3711 230 3770 ceput,
241 3710 319 3771 triptae
332 3709 362 3758 nd
374 3711 506 3758 hommum
515 3712 671 3772 quentitutis,
682 3711 743 3761 duos
756 3713 846 3762 lubens
857 3715 917 3763 deu·

143 3785 205 3833 tium
221 3785 324 3835 ordines.
344 3789 425 3844 Quum
444 3799 502 3835 vero
520 3791 667 3849 quaereretur
688 3789 757 3850 errius
779 3790 803 3839 id
820 3791 918 3842 suisset:

145 3863 266 3924 inscriptio
281 3863 305 3911 id
323 3864 490 3915 manifestavit
521 3869 579 3915 ttrst
589 3867 652 3916 eninr
665 3867 820 3931 inscriptum,
833 3873 917 3933 ΙΔΕΩ,

145 3940 202 3991 αλιι.
214 3943 312 3991 Publius
323 3943 403 4006 iteque
415 3947 512 4006 sumptu
519 3945 583 3994 atiud
598 3947 689 3996 dotium
700 3947 806 3996 Messenii
818 3961 918 3999 curere·

144 4020 213 4080 runt,
222 4019 294 4080 inque
303 4019 326 4068 id
336 4023 407 4082 ceput
420 4025 576 4083 reposueruut
593 4025 684 4084 estque
693 4024 828 4074 accuratius
842 4025 920 4075 herois

144 4094 195 4155 ejns
206 4095 316 4157 reliquias
324 4097 463 4160 coluerunt,
475 4111 550 4160 qurum
565 4098 673 4148 riderent
685 4100 749 4148 hune
760 4113 820 4162 esse,
832 4101 862 4151 de
870 4115 919 4164 quo

145 4173 262 4221 Homerus
270 4173 279 4234 (
287 4174 315 4222 ΙΙ.
324 4179 348 4232 u,
356 4176 414 4234 558)
425 4174 458 4224 ru
464 4175 557 4236 scripsit
568 4189 574 4222 ι

197 4271 241 4316 tde
249 4303 255 4324 ‚
264 4274 368 4318 mortales
377 4273 451 4318 ruttdo
460 4275 497 4330 qut
511 4274 592 4319 robore
603 4278 697 4320 cunctos

196 4343 334 4396 tenrpestets
345 4341 383 4385 itte
391 4343 517 4397 nsperurtt:
528 4343 610 4398 quique
618 4343 723 4387 deeorsrn

197 4409 231 4452 ob
242 4421 354 4465 sponsum.
366 4411 463 4466 rigidum
472 4411 523 4455 tuttt
531 4413 694 4468 imperterritus
703 4424 788 4467 ereum,

198 4481 318 4534 degressus
327 4481 375 4524 tetis
383 4491 464 4536 magno
473 4481 611 4526 contendere
620 4482 712 4526 Phoebo.

512 4582 555 4630 st.

177 4669 203 4714 tn
222 4668 339 4717 nutriretis
351 4681 464 4731 qrroque,
478 4669 501 4718 tn
520 4670 631 4731 spetunca
651 4683 707 4733 quse
725 4671 807 4720 triane
823 4671 919 4735 dieitur,

146 4742 226 4791 ridere
242 4744 297 4792 ticet
314 4745 388 4794 nrutts
407 4759 523 4808 corpure,
536 4759 639 4808 quorum
655 4751 728 4796 reste
740 4748 843 4798 sedecim
853 4750 920 4800 uiues

145 4821 271 4870 enoertrrut.

509 4891 555 4940 42.

175 4967 313 5028 Apollonius
321 4969 489 5030 grammaticus
499 4975 579 5018 nurrut
586 5007 593 5030 ,
600 4971 653 5020 Tib.
663 4969 761 5020 Neronis
769 4975 839 5022 utute
848 4976 919 5024 terren

145 5049 237 5094 ureturn
255 5047 338 5108 turine,
349 5061 397 5109 ηυο
409 5049 493 5096 rnnits·
506 5061 535 5097 ee
546 5049 650 5098 retrbrrs
660 5050 720 5098 Asin
732 5051 803 5100 urbes
813 5051 918 5102 tunrlitus

1673 351 1725 400 ott

960 494 1002 550 ρον
1016 471 1160 550 όΤιόίριος
1170 471 1252 551 οἰκείῳ
1267 471 1370 549 δαπάνῃ
1387 470 1467 529 πάλιν
1488 468 1649 550 ὀνώρθωαεν.
1665 469 1732 529 'Ast'

959 550 995 616 ὧν
1008 557 1135 618 κολοσσόν
1148 582 1176 616 τε
1188 561 1260 639 αὐτῷ
1271 557 1512 625 κατασκευάσαντες
1529 556 1651 616 ἀνέθεσαν
1663 557 1734 634 παρὰ

961 648 999 723 τῷ
1012 649 1058 714 τῆς
1070 644 1217 725 Ἀφροδίτης
1228 648 1304 724 ἱερῷ,
1320 644 1336 703 ὀ
1349 647 1417 703 ἐστιν
1430 647 1457 702 ἐν
1470 648 1503 723 τῇ
1519 643 1659 720 Ῥωμαίων
1673 647 1734 721 ἀγο-

960 740 1006 810 ρᾷ,
1023 731 1068 788 καὶ
1078 736 1130 791 τῶν
1143 733 1244 790 πολεων
1255 731 1368 803 ίκιίστης
1381 730 1470 810 ἐφεξῆς
1481 731 1633 810 ἀνδριάντας
1650 730 1733 811 παρέ-

960 839 1068 888 στησαν.
1148 855 1153 880 r

1324 931 1371 996 43.

999 1065 1116 1127 'Enetos
1138 1065 1165 1124 δέ
1184 1066 1229 1124 καλ
1246 1069 1292 1136 τῆς
1310 1065 1430 1132 Σικελίας
1443 1065 1493 1125 tri
1505 1071 1550 1126 τοῦ
1563 1073 1672 1143 σεισμοῦ
1690 1071 1737 1128 οὐκ

959 1153 1045 1230 ὀλίγαι
1058 1153 1144 1220 πολεις
1158 1151 1202 1212 καὶ
1215 1152 1248 1210 τέι
1262 1153 1372 1222 πλησίον
1384 1153 1502 1230 Ῥηγίου.
1518 1153 1640 1225 Ἐσείσθη
1652 1153 1679 1213 δέ
1690 1158 1738 1214 οὐκ

960 1240 1035 1316 ὀλίγα
1050 1240 1156 1298 καὶτῶν
1170 1243 1197 1298 ἐν
1213 1239 1306 1320 Πόντῳ
1320 1243 1408 1300 ἐθνῶν.
1429 1239 1506 1300 Κατδ
1521 1238 1552 1310 δὴ
1566 1246 1611 1313 τῆς
1624 1245 1672 1318 γῆς
1693 1243 1738 1309 τδις

959 1325 1106 1392 διαστάσεις
1119 1325 1202 1406 ἐφάνη
1221 1325 1348 1403 σωμάτων
1364 1325 1474 1404 μεγέθη,
1494 1325 1511 1384 ἃ
1529 1325 1700 1404 ἐκπλαγέντες
1713 1331 1736 1386 oi

960 1411 1094 1490 ἐπιχώριοι
1112 1417 1217 1486 κινῆσαι
1239 1411 1286 1488 μίν
1309 1412 1439 1486 ὤκνησαν,
1454 1412 1589 1492 δείγματος
1611 1415 1634 1472 δ’
1654 1413 1737 1474 ἐνεκεν

959 1498 1078 1582 ἔπεμψαν
1092 1501 1127 1565 εἷς
1142 1500 1189 1570 τὴν
1203 1497 1311 1575 Ῥώμην
1323 1497 1414 1558 ὀδόντα
1427 1499 1494 1571 ίνδς,
1508 1501 1538 1558 οὐ
1551 1501 1668 1560 ποδιαῖον
1686 1501 1737 1578 μά·

959 1609 1013 1660 νον,
1027 1589 1085 1644 ἀλλ’
1097 1585 1293 1666 θπερόάλλοντα
1305 1585 1350 1644 καλ
1361 1591 1437 1645 τοῦτο
1457 1586 1486 1644 τὸ
1503 1585 1605 1666 μίτραν.
1622 1587 1739 1648 Ἐπιδεί-

960 1673 1046 1741 ξαντες
1066 1672 1094 1731 δέ
1117 1672 1232 1752 Τιόερίῳ
1254 1675 1278 1731 οί
1298 1671 1418 1753 πρίσθεις
1440 1672 1551 1752 ιίροντο,
1572 1676 1593 1731 εί
1617 1673 1738 1752 βούλεται

959 1763 1115 1836 κομισθῆναι
1128 1758 1171 1816 τὸν
1185 1757 1242 1838 ἥρω
1254 1758 1318 1838 πρὸς
1332 1757 1419 1819 αὐτόν.
1433 1757 1468 1819 ‘0
1483 1757 1510 1816 δέ
1521 1758 1584 1838 πρὸς
1597 1765 1680 1817 ταῦτα
1692 1761 1739 1836 ἐμ·

960 1847 1058 1927 ρρόνοις
1073 1843 1259 1916 ἐόουλειίσατο,
1272 1844 1339 1922 μήτε
1352 1849 1399 1916 τῆς
1417 1843 1535 1920 γνώσεως
1554 1851 1598 1904 τοῦ
1617 1845 1739 1922 μεγίθους

960 1932 1050 1991 ἑαυτόν
1073 1931 1265 2011 ἀποστερήσας,
1284 1931 1314 1990 τό
1333 1955 1361 1990 τε
1381 1931 1482 1990 ἀνόσιον
1506 1935 1553 2002 τῆς
1574 1933 1739 2010 νεκροσυλίας

959 2019 1195 2098 παραιτησάμενος.
1212 2017 1367 2098 Γεωμίτρην
1391 2011 1441 2098 γάρ
1456 2041 1513 2076 τινα
1536 2021 1587 2076 τῶν
1601 2021 1647 2076 οὒκ
1670 2025 1739 2100 ἐρα-

959 2108 1021 2178 νιῖιν,
1037 2105 1174 2184 Ποῦλχρον
1192 2103 1312 2182 ὀνόματι,
1329 2105 1474 2181 τιμώμενον
1488 2103 1532 2162 ὑπ’
1543 2107 1621 2163 αὐτοῦ
1636 2103 1678 2162 διδ
1691 2106 1738 2178 τὴν

959 2189 1063 2270 τάχνην,
1076 2189 1188 2256 καλέσας
1209 2189 1349 2270 πρόσωπον
1372 2190 1492 2248 ἐκελευσε
1511 2189 1612 2248 πλάσαι
1625 2190 1688 2272 πρδς
1709 2191 1739 2250 τὸ

960 2277 1066 2356 με’γεθος
1082 2282 1127 2336 τοῦ
1141 2277 1251 2344 ὀδόντος.
1267 2276 1303 2338 Ὁ
1317 2275 1344 2336 δέ
1359 2276 1588 2354 σταθμησάμενος,
1602 2277 1692 2348 ἡλίκον
1706 2277 1738 2336 δν

959 2365 1058 2444 γίνοιτο
1074 2364 1105 2424 τό
1126 2387 1154 2424 τε
1177 2364 1284 2440 σόμπαν
1305 2369 1383 2444 σῶμα
1403 2364 1448 2424 καλ
1461 2364 1492 2424 τὸ
1504 2365 1643 2444 πρόσωπον
1658 2367 1739 2426 αὐτοῦ

959 2455 1054 2533 τῷτοῦ
1077 2449 1178 2519 ὀδόντος
1199 2451 1282 2532 όγκῳ,
1297 2455 1472 2532 ἐργασάμενος
1493 2449 1535 2509 διδ
1555 2451 1658 2531 ταχέων
1678 2452 1739 2510 ἐκό-

960 2559 1020 2614 μισε
1042 2540 1080 2616 τῷ
1101 2537 1280 2618 αὐτοκράτορι.
1301 2538 1426 2604 Κάκεῖνος
1449 2535 1528 2595 είπέυν
1550 2539 1684 2616 ὀρκεῐσθαι
1704 2541 1738 2615 τῇ

960 2623 1006 2704 θίρ
1016 2623 1116 2703 ταύτῃ,
1132 2621 1282 2701 άποπίμπτι
1293 2624 1337 2684 τδν
1348 2623 1439 2684 ὀδόντα
1452 2625 1535 2683 ἐκεῖσε
1550 2623 1607 2682 ὅθεν
1621 2623 1666 2682 καί
1679 2625 1737 2682 tuo·

961 2711 1050 2785 μίσθη.

1326 2821 1372 2881 ίιίι.

1000 2944 1043 3002 Οὐ
1056 2942 1108 3022 χρὴ
1123 2941 1150 3001 δέ
1162 2943 1278 3000 άπιστεῖν
1294 2946 1330 3020 τῷ
1345 2942 1485 3022 είρημίνῳ,
1501 2943 1555 3001 ἐπεί
1570 2941 1616 3001 καί
1627 2947 1672 3012 τῆς
1685 2945 1735 3003 Αἰ·

959 3110 1044 3159 uetere
1052 3110 1113 3170 sint,
1132 3123 1192 3171 ques
1205 3109 1291 3158 deinde
1303 3109 1412 3159 tiberius
1423 3123 1467 3158 suu
1477 3113 1575 3172 sumptu
1588 3111 1737 3159 instaurarit.

961 3187 1133 3251 propterquod
1150 3188 1291 3238 beneficium
1309 3188 1387 3237 Asiani
1399 3188 1517 3237 ootossum
1535 3189 1739 3248 deprimerent,

960 3279 989 3314 ee
1001 3267 1133 3328 posuerunt
1141 3265 1166 3314 in
1177 3266 1228 3315 toro
1239 3268 1361 3326 ttonrsuo,
1371 3278 1433 3328 pone
1445 3266 1526 3314 tenum
1539 3266 1647 3328 veneris,
1660 3269 1684 3315 et
1690 3266 1739 3314 siu·

959 3345 1069 3406 guterum
1078 3343 1189 3406 deinceps
1198 3344 1292 3394 urbium
1303 3345 1392 3393 statues
1403 3343 1591 3405 subiunnerunt.

992 3515 1037 3566 sed
1050 3519 1074 3565 et
1087 3515 1173 3566 stettin
1187 3529 1234 3566 non
1245 3529 1329 3578 psucsu
1341 3529 1442 3566 numero
1458 3515 1530 3565 urbes
1543 3528 1572 3565 eo
1589 3515 1660 3564 terrie
1672 3517 1739 3564 motu

959 3591 1055 3642 efflicte
1064 3594 1171 3653 tuerent,
1181 3595 1206 3642 et
1215 3593 1266 3642 tous
1275 3593 1363 3655 thegio
1370 3593 1447 3642 ricius
1457 3595 1496 3641 :et
1506 3593 1611 3640 Pontice
1619 3605 1675 3641 euru
1686 3605 1736 3640 nou

961 3681 1045 3730 peuce
1058 3671 1138 3730 gentes
1150 3671 1282 3718 senserunt.
1298 3669 1425 3718 Enimvero
1436 3669 1524 3731 qrribus
1540 3668 1599 3717 iocis
1611 3670 1674 3717 terre
1686 3681 1738 3716 ese

962 3745 1055 3795 dirutos
1068 3745 1126 3807 tuit,
1138 3745 1241 3806 ingentis
1250 3747 1307 3795 sunt
1319 3748 1412 3808 reperte
1427 3745 1557 3806 ondsrern,
1571 3755 1673 3807 quorum
1687 3755 1739 3792 me·

962 3821 1084 3884 pnituffiue
1093 3822 1218 3884 stupefacti
1229 3822 1328 3884 iuootre,
1341 3835 1388 3870 non
1401 3822 1451 3871 nusi
1462 3835 1490 3870 ee
1502 3821 1555 3869 Ιοου
1570 3834 1684 3880 morere,
1702 3821 1738 3868 in·

962 3899 1019 3946 dicii
1037 3911 1110 3948 eeusn
1122 3901 1222 3948 Romam
1239 3899 1354 3948 miseruut
1362 3897 1458 3947 dentem
1471 3899 1515 3956 ¹uui
1527 3899 1678 3960 exemptum,
1694 3899 1736 3958 qui

964 3974 1029 4036 pedis
1049 3987 1183 4023 mensurum
1202 3989 1251 4023 non
1270 3975 1346 4036 ettigit
1364 3974 1449 4033 modu,
1459 3973 1499 4022 sed
1515 3973 1587 4022 etiem
1597 3973 1735 4034 supererit:

962 4063 1034 4110 quens
1044 4051 1113 4112 teputi
1125 4049 1220 4100 Tiberio
1229 4050 1392 4108 ostendentes,
1401 4049 1471 4097 simut
1485 4049 1558 4097 etism
1566 4049 1737 4110 quesireruut,

964 4126 1066 4174 rettetne
1077 4126 1107 4174 sd
1122 4139 1148 4176 se
1159 4127 1269 4185 teroem,
1280 4126 1349 4186 crrjus
1360 4125 1472 4185 istuerst,
1482 4124 1577 4173 efferri?
1589 4125 1623 4173 tbi
1631 4123 1740 4174 Tiberius

964 4201 1091 4262 prudenter
1106 4203 1230 4250 consitium
1243 4201 1383 4261 redirent,
1405 4203 1432 4250 ut
1451 4214 1528 4263 neqrre
1543 4201 1676 4262 cognitione
1688 4215 1736 4250 rue·

963 4277 1092 4338 guttudinis
1102 4291 1128 4327 se
1141 4279 1219 4340 ipsum
1238 4277 1355 4340 privaret,
1374 4283 1400 4326 et
1407 4277 1584 4339 spotiundoruru
1596 4277 1738 4327 cadaverum

965 4354 1194 4416 tugissumeriteret.
1228 4353 1738 4417 insignemquendurngeometram,nonriue

965 4429 1110 4490 Pulchrum,
1120 4441 1192 4492 quem
1201 4431 1317 4480 obertem
1326 4429 1390 4494 apud
1400 4429 1564 4480 seironoritre
1574 4429 1740 4488 trahebamur·

963 4505 1053 4568 eitum,
1064 4506 1149 4555 troieru
1161 4505 1232 4568 iussit
1242 4507 1343 4569 tingere,
1355 4507 1507 4568 proportione
1515 4505 1580 4556 denti
1593 4506 1737 4568 responden·

964 4585 1021 4632 tem.
1035 4582 1081 4642 Qui
1097 4582 1234 4644 dimensus,
1250 4583 1328 4634 dentis
1341 4582 1474 4644 quantitate
1494 4584 1630 4644 perspecte,
1648 4586 1739 4644 euentu

964 4661 1049 4724 facies,
1059 4663 1083 4712 et
1094 4674 1149 4724 que
1164 4661 1238 4711 totius
1254 4661 1360 4723 eorporis
1370 4661 1446 4710 protes
1459 4661 1539 4710 tuturs
1550 4663 1621 4720 esset,
1631 4661 1739 4710 celeriter

963 4737 1150 4800 υρυοελιεοΙνίι,
1162 4741 1186 4788 et
1206 4737 1236 4786 nd
1255 4738 1422 4800 imperatorem
1441 4737 1531 4796 ettutit,
1546 4737 1613 4798 uque
1632 4737 1740 4786 suittcere

964 4815 1009 4863 sitsi
1019 4815 1064 4863 troc
1074 4815 1236 4878 εγιουίεουλυπι
1252 4813 1347 4874 dicens,
1365 4813 1460 4862 dentem
1474 4825 1503 4862 eo
1514 4813 1578 4862 unde
1588 4815 1640 4863 eret
1653 4813 1740 4863 strutus

966 4894 1064 4943 remisit.

1328 4975 1372 5023 tr.

996 5053 1632 5117 Nequeesttruirtirtesileropeudeenuntientquuurin
1641 5056 1740 5116 AEgrptu
