3972 5728
228 325 282 373 att

227 444 281 516 est)
302 445 350 500 illo
368 462 447 518 quem
470 445 569 517 Nigrim
590 461 724 498 spernere.
741 445 812 496 Iride
826 443 951 514 Africcrm
965 446 1002 500 ab

227 531 369 604 AEtltiopia
381 532 547 604 dispescens,
566 535 675 584 etiamsi
687 548 742 584 non
747 536 873 604 prutinus
880 535 999 606 propulit,

225 617 295 684 seris
304 629 396 672 taurea
409 629 438 670 et
448 619 546 670 belluis
546 613 690 690 frequens,
706 619 886 690 silvarumque
894 616 997 692 opifex,

228 705 332 760 medios
354 703 502 776 AEtlriopas
523 715 611 770 secat,
638 709 844 774 cognominatus
865 709 1001 780 Astapus,-

227 792 301 866 quod
309 793 418 844 illarum
430 795 550 866 gentium
564 793 661 862 lingua
672 791 924 866 significatuquam
936 811 952 847 e
963 805 1004 846 te-

228 880 319 932 nebris
325 877 518 952 profluentem.
534 888 584 932 etc.
600 877 642 934 cl.
660 878 787 932 Solinum
798 897 823 936 e.
840 878 892 948 32,
904 899 933 952 p.
955 883 1001 944 ta.

268 965 430 1020 Ammianus
444 961 620 1021 Marcellinus
635 965 714 1020 :lien
726 977 818 1032 autem
829 965 903 1020 tuba
916 967 1002 1020 Puni·

229 1069 320 1105 corum
341 1051 460 1122 confisus
477 1061 553 1104 testu
573 1050 714 1116 librorum,
741 1071 761 1104 a
775 1063 865 1106 nrorue
886 1051 1004 1126 quodam

230 1142 296 1192 oriri
309 1156 370 1191 eum
384 1142 510 1206 exponit,
533 1141 581 1210 qui
591 1141 657 1190 situs
669 1141 696 1190 in
713 1137 889 1192 Mauritania
906 1139 1004 1212 despe-

229 1235 289 1278 ctat
305 1224 444 1278 Oceanum
466 1243 474 1274 :
492 1222 589 1296 hisque
606 1225 714 1278 indiciis
731 1223 782 1278 lroc
793 1227 932 1298 prodibam
947 1231 999 1293 ait,

229 1311 304 1384 quod
312 1315 403 1384 pisces
413 1321 441 1364 et
453 1309 548 1364 herba
561 1321 589 1364 et
600 1310 701 1364 bellum
714 1313 815 1367 similes
824 1331 881 1386 per
890 1331 938 1366 eas
945 1331 1002 1386 pa·

230 1395 306 1450 ludes
315 1401 473 1470 gignuntur.

269 1485 310 1538 Ex
325 1483 417 1555 bibyae
433 1481 619 1556 descriptione
632 1484 719 1556 petita
729 1483 861 1540 videntur
874 1485 958 1540 etiam
972 1503 1005 1540 ea

230 1587 292 1644 que
306 1569 342 1624 de
353 1569 506 1644 elephantis
520 1569 619 1624 eluba
633 1569 805 1642 produntur.

594 1695 641 1752 So.

272 1801 377 1858 AElian.
389 1802 423 1856 N.
436 1803 489 1855 An.
498 1801 551 1870 IX,
566 1799 603 1856 58
616 1819 622 1854 :
634 1795 712 1874 Λέγει
726 1796 753 1856 δέ
765 1800 780 1856 θ
793 1797 878 1865 Ἰάδας
890 1797 1007 1876 γενέσθαι

231 1883 278 1962 μίν
294 1887 373 1944 αὒτοῦ
396 1888 434 1964 τῷ
453 1883 534 1962 πατρί
552 1887 665 1955 πολυετῆ
686 1883 768 1944 Atto
790 1883 932 1965 ἐλίφαντα,
955 1907 1007 1942 κα-

229 1973 318 2032 τιόντα
331 1973 361 2030 ἐκ
374 1975 425 2030 τῶν
437 1970 492 2028 ivo
507 1977 552 2029 τοῦ
565 1971 666 2046 γίνους·
682 1971 727 2029 καί
749 1973 909 2048 Πτολεμαίῳ
925 1971 953 2030 il
967 1974 1005 2050 τῷ

231 2057 391 2138 Φιλαδίλφιμ
404 2057 529 2127 Αἰθίοπα,
544 2055 588 2114 καὶ
601 2058 696 2116 ἐκείνω
707 2059 736 2114 ἐκ
748 2059 846 2116 πολλοῦ
859 2058 1005 2136 βιώσαντα,

232 2143 351 2222 γενίοθαι
373 2143 519 2224 πρᾳότατον
540 2143 586 2200 καί
603 2143 783 2221 ἡμερώτατον,
802 2145 835 2202 τά
855 2145 901 2220 μίν
917 2149 946 2204 ἐκ
962 2149 1008 2216 τῆς

231 2231 295 2310 πρὸς
309 2229 368 2296 τοθς
380 2229 528 2308 ἀνθρώπους
542 2229 714 2309 συντροφίας,
728 2229 761 2288 τά
776 2229 802 2286 il
818 2233 847 2287 ἐκ
862 2235 906 2288 τοῦ
919 2229 1008 2306 γένους

233 2317 408 2376 πωλευθίντα.
424 2315 553 2374 Σελεύκου
568 2339 596 2373 τε
620 2321 666 2374 τοῦ
681 2315 824 2396 Νικάνορος
842 2321 932 2389 κτῆμα
950 2315 1007 2396 ᾅδει

232 2403 311 2464 Ἰνδόν
321 2400 459 2481 ἐλίφαντα,
471 2401 515 2459 καί
528 2401 615 2476 μίντοι
627 2401 672 2459 καί
681 2400 818 2460 διαόιῶναι
828 2407 917 2459 τοῦτον
929 2401 1008 2482 μίχρι

230 2493 277 2559 τῆς
290 2492 342 2548 τῶν
358 2487 495 2566 Ἀντιόχιιιν
509 2487 675 2567 ἐπιτροπίας
689 2487 778 2567 φησίν.

596 2619 643 2677 3ι.

273 2731 380 2788 Plinius
394 2729 428 2788 ll·
443 2733 478 2787 N.
494 2733 576 2800 Vlll,
589 2731 644 2800 55,
659 2751 688 2806 p.
702 2733 739 2788 56
751 2735 839 2789 Tclm.
855 2754 862 2790 ι
879 2735 1008 2809 Unguen-

231 2823 334 2872 turiam
358 2819 498 2891 quandam
523 2820 652 2874 dilectam
680 2819 730 2894 (ab
750 2818 913 2896 elephanto)
934 2823 1009 2876 laba

231 2905 327 2960 tradit.
339 2905 469 2959 Omnium
481 2905 674 2977 amorissuere
683 2913 860 2980 argumenta,
876 2910 1009 2982 gattdium

231 3007 250 3044 a
270 3003 426 3064 currspectu,
453 2991 651 3064 blarrditioeque
670 2995 831 3060 inconditae,
854 2999 1000 3066 stipesque,

233 3095 302 3149 quas
307 3079 430 3151 populeas
439 3078 570 3146 dedisset,
588 3091 704 3134 seruatur
714 3093 741 3134 et
753 3087 781 3134 in
791 3085 883 3134 sinum
891 3077 1004 3149 effusce.

233 3165 293 3217 Nec
307 3151 403 3217 mirum
418 3181 475 3217 esse
484 3181 606 3218 amorem
618 3167 716 3238 quibem
729 3172 767 3220 sit
777 3171 917 3220 memoria.
929 3167 1008 3220 Idem

233 3269 353 3322 natuque
372 3251 470 3316 tradit,
491 3257 617 3326 agnitum
638 3257 667 3306 in
686 3265 810 3318 senecta,
833 3255 931 3306 multos
947 3266 1010 3325 part

234 3353 333 3400 annos,
353 3340 402 3408 qui
414 3347 502 3390 rector
517 3343 546 3390 in
558 3343 673 3407 juventa
680 3335 794 3407 fuisset.
810 3339 886 3392 lclem
897 3339 1008 3391 divina-

233 3427 334 3477 tionem
352 3424 493 3495 quandam
504 3429 633 3493 Justitioe.
656 3425 744 3494 Quum
759 3425 882 3479 Bocchus
892 3443 943 3478 rea
961 3431 1009 3478 tri·

231 3512 311 3581 ginta
322 3507 477 3580 elephantis
484 3511 608 3576 totidem,
621 3514 649 3562 in
659 3529 725 3582 quas
735 3516 830 3565 saeuire
837 3515 990 3564 instituerat
996 3551 1005 3577 ‚

233 3593 374 3664 stipitibus
390 3593 525 3666 alligatos
538 3596 692 3664 objecisset,
711 3599 933 3669 procursantibus
942 3604 1012 3652 inter

232 3675 336 3742 eosqui
350 3671 526 3738 lacesserent,
539 3691 593 3726 non
602 3679 722 3745 potuisse
731 3672 824 3748 effici,
844 3687 876 3729 ut
890 3677 1010 3730 crudeli-

233 3762 299 3814 tatis
309 3757 413 3812 alicnoe
425 3756 784 3831 ministeriosungerentur.

263 4004 328 4055 luha
346 4017 386 4054 rex
401 4004 554 4068 elephantum
567 4007 680 4070 Libycum
696 4007 779 4058 scribit
791 4010 910 4080 patripuo
926 4011 1010 4070 tuisse,

233 4083 275 4144 qui
286 4083 354 4144 plura
364 4083 445 4132 ucula
456 4083 565 4145 vixisset,
578 4097 663 4146 nempe
679 4086 722 4148 qui
733 4087 754 4135 ei
764 4100 806 4149 per
815 4101 900 4138 nimus
910 4087 1011 4138 unditus

235 4159 316 4207 [αἰετοί
337 4171 352 4206 ιι
370 4159 510 4218 majoribus.
531 4163 560 4208 ut
586 4163 715 4212 Ptolemaeo
742 4164 896 4228 Philadelpho
917 4164 1009 4215 AElhio·

234 4247 288 4296 pem
306 4233 458 4296 elephantum
482 4235 551 4285 luisse
576 4239 618 4299 qui
636 4239 667 4288 ad
688 4241 777 4290 multas
796 4245 879 4292 alatas
898 4243 1009 4302 νῑιίιυοῑ,

234 4323 264 4358 ex
279 4310 403 4360 luminum
426 4313 599 4362 consuetudine
620 4315 689 4364 simul
703 4319 727 4365 et
740 4316 888 4368 institutione
898 4332 1009 4369 mansue·

234 4386 363 4436 tissimum.
377 4387 443 4438 ldem
454 4389 558 4438 celebrat
570 4390 679 4440 indicum
693 4393 847 4454 elephantum
861 4395 961 4454 Seleuci,
972 4409 1009 4444 eo-

234 4465 345 4524 ςυοαιίιιε
355 4465 488 4526 Nicanoris,
508 4468 550 4529 qu
563 4481 639 4530 tuque
656 4470 868 4522 adtnhochorum
884 4475 1009 4537 imperium

235 4542 330 4592 vixerit.

599 4630 641 4680 st.

265 4701 389 4751 sechemia
402 4703 498 4754 tuendo
512 4720 541 4756 ac
556 4707 688 4770 prudentie
700 4713 809 4773 exempla
819 4713 881 4762 tuba
888 4715 1009 4765 scribitah

235 4777 367 4838 elephantis
386 4780 501 4831 exhiberi.
521 4787 653 4834 venatores
669 4786 733 4835 enim
745 4789 818 4837 tosus
831 4804 891 4852 quas
901 4791 932 4840 ad
949 4793 1010 4854 ipsos

235 4852 361 4916 capiendos
373 4855 472 4918 heluat,
486 4859 578 4910 levibus
589 4862 714 4912 sarmentis
725 4865 749 4912 et
759 4865 854 4915 festucis
865 4867 956 4929 injectis
964 4869 1009 4918 ob·

235 4931 324 4991 tegunt.
337 4933 418 4992 Quum
433 4947 488 4996 crgo
507 4937 688 4999 elephantorum
702 4953 765 4990 unus
777 4943 785 5004 l
795 4956 850 4992 nam
861 4945 929 4994 multi
939 4947 1008 4996 simrrt

235 5005 375 5067 ambulant)
389 5008 511 5060 infossam
527 5013 624 5076 incidit,
638 5015 720 5078 reliqui
733 5019 857 5069 materiam
870 5029 1008 5086 congerunt,

855 313 961 372 JUBAE
982 311 1198 374 ldhllthth

1413 475 1456 528 fla.

1089 611 1229 668 Plutarch.
1244 613 1285 666 Dc
1304 613 1410 670 sollers.
1431 631 1477 668 an.
1498 633 1522 670 c.
1543 633 1587 682 ιγ,
1602 632 1632 686 p.
1646 634 1703 688 97²
1717 634 1723 670 ι
1739 615 1781 674 Τό
1794 639 1823 694 γε

1050 693 1103 768 μὴν
1114 693 1260 754 κοινωνικόν
1276 695 1342 772 μετά
1354 701 1398 758 τοῦ
1411 702 1514 754 συνετοῦ
1528 696 1587 764 τοῦς
1602 700 1742 778 ὀλίφαντας
1754 705 1822 762 ἀτο-

1049 782 1194 842 δείκνυτθαί
1213 803 1291 862 φησιν
1309 786 1323 840 δ
1344 781 1439 849 Ἰόόας.
1457 782 1611 862 Ὀρύγματα
1629 785 1679 864 γάρ
1700 789 1823 854 αὖτοῐςοί

1048 868 1198 948 θηρεύοντες
1214 869 1421 946 ὑπεργασάμενοι
1440 871 1543 937 λεπτοῖς
1562 872 1699 951 φρυγάνοις
1716 875 1761 932 καί
1776 898 1824 954 φο·

1049 959 1118 1035 φυτῷ
1133 955 1221 1035 κούφῳ
1235 954 1431 1035 κατερέφουσιν·
1451 953 1513 1014 lm
1528 947 1571 1014 οῦν
1587 948 1622 1024 τίς
1633 959 1740 1038 ὀλιαθῇ,
1754 963 1822 1020 πολ-

1049 1045 1102 1102 λῶν
1119 1045 1183 1116 ὁμοῦ
1197 1041 1388 1120 ποριοομίνων,
1401 1045 1425 1100 οί
1441 1041 1527 1100 λοιποί
1547 1047 1683 1122 φοροῦντες
1699 1045 1824 1116 ὕληνκαὶ

1048 1129 1131 1196 λίθους
1144 1127 1327 1206 ἐμόάλλουσιν,
1342 1131 1549 1208 ἀναπληροῦντες
1561 1129 1607 1201 τὴν
1623 1133 1763 1202 κοιλότητα
1777 1141 1824 1192 τοῦ

1049 1217 1206 1298 ὀρύγματος,
1216 1215 1284 1274 ὥστε
1301 1217 1392 1296 ῥφδίαν
1407 1215 1497 1296 ἐκείνιμ
1507 1217 1626 1292 γενέσθαι
1640 1217 1688 1288 τὴν
1701 1219 1820 1280 iudaeis.

1050 1311 1157 1391 Ἱστορεῖ
1169 1309 1196 1370 ii
1210 1310 1255 1369 καί
1267 1313 1332 1390 εῦχῇ
1344 1314 1456 1390 χρῆσθαι
1470 1314 1533 1370 θεῶν
1544 1309 1602 1378 τοὺς
1616 1312 1755 1392 ἐλίφαντας
1767 1317 1824 1373 ἀδι-

1051 1398 1166 1472 δάκτως,
1187 1397 1368 1476 ἀγνιζομίνους
1385 1421 1414 1456 τε
1426 1401 1459 1474 τῇ
1473 1397 1605 1475 θαλάσσῃ,
1625 1399 1670 1457 καί
1692 1400 1737 1458 τδν
1753 1402 1823 1472 ἥλιον

1050 1486 1191 1564 ἀκφανίντα
1206 1490 1425 1563 προσκυνοῦντας,
1439 1483 1528 1563 ῶσπερ
1539 1485 1624 1564 χειρὸς
1639 1486 1764 1548 ἀνατάσει
1779 1494 1824 1558 τῆς

1051 1569 1227 1647 προόοσκίδος.
1242 1571 1323 1630 “otri
1337 1571 1382 1630 καί
1394 1569 1591 1650 θεοφιλίστατύν
1603 1573 1659 1630 ἐστι
1678 1575 1707 1632 τὸ
1724 1576 1822 1653 θηρίον,

1052 1661 1087 1724 ώς
1104 1659 1267 1734 Πτολεμαῖος
1283 1663 1297 1716 θ
1311 1661 1473 1736 Φιλοπάτωρ
1489 1658 1664 1738 ἐμαρτύρησε.
1684 1661 1825 1739 Κρατήσας

1051 1742 1101 1822 γάρ
1120 1744 1264 1824 Ἀντιόχου,
1286 1745 1331 1804 καί
1344 1747 1499 1824 βουλόμενος
1515 1749 1651 1824 ἐκπρεπῶς
1670 1752 1781 1824 τιμῆσαι
1795 1747 1825 1806 τό

1051 1835 1127 1902 θιῖον,
1141 1832 1207 1890 τίλλε
1227 1855 1255 1890 τε
1274 1833 1419 1910 πάμπολλα
1433 1833 1573 1892 κατίθυσιν
1586 1833 1699 1892 ἐπινίκια
1714 1839 1760 1904 τῆς
1772 1836 1824 1910 μιί-

1051 1940 1117 1996 χης,
1138 1917 1184 1976 καί
1198 1918 1326 1996 τίσσαρας
1341 1918 1497 1998 ἐλίφαντας·
1510 1912 1567 1978 εέτα
1586 1919 1687 1999 νύκτωρ
1698 1920 1825 1998 ὀνείρασιν

1052 2003 1178 2082 ἐντυχών,
1190 2009 1224 2070 ὡς
1236 2010 1281 2064 τοῦ
1293 2009 1351 2064 θεοῦ
1366 2009 1422 2082 μετ’
1434 2008 1513 2086 ὀργῆς
1524 2009 1689 2072 ἀπειλοῦντος
1701 2009 1772 2086 αὐτῷ
1784 2007 1826 2066 διέ

1051 2090 1098 2162 τὴν
1120 2091 1258 2149 ἀλλόκοτον
1283 2094 1382 2164 ἐκείνην
1412 2093 1513 2165 θυσίαν,
1538 2095 1658 2169 ἱλασμοῖς
1677 2116 1704 2152 τε
1722 2097 1825 2158 πολλοῖς

1052 2176 1193 2256 ἐχρήσατο,
1203 2177 1247 2235 καί
1259 2181 1372 2256 χαλκοῦς
1385 2181 1525 2258 ίλίφαντας
1539 2179 1597 2236 ἀντί
1610 2183 1661 2236 τῶν
1677 2179 1824 2260 σφαγέντων

1053 2264 1178 2334 ἀνίστησι
1190 2263 1326 2344 τίσσαρας.

1092 2353 1135 2410 Ct'.
1149 2354 1291 2410 Plutarch.
1307 2355 1327 2410 l.
1344 2355 1364 2408 l.
1385 2373 1410 2412 c.
1426 2353 1460 2408 18
1477 2349 1615 2430 ιἘρωτες
1630 2350 1657 2409 δί
1673 2353 1788 2425 πολλῶν,
1802 2355 1824 2410 oi

1054 2433 1100 2512 μέν
1121 2436 1205 2516 ἄγριοι
1230 2435 1274 2494 καί
1295 2438 1444 2515 περιμανεῖς
1462 2436 1615 2516 γεγόνασιν,
1641 2439 1665 2494 al
1684 2437 1706 2494 δ’
1727 2439 1826 2515 ἔχοντες

1053 2525 1100 2582 οὐκ
1114 2523 1287 2602 ἀπάνθρωπον
1308 2522 1441 2602 διραῖσμδν
1459 2525 1512 2582 οὐδ’
1528 2523 1696 2604 ἀναφρόδιτον
1712 2523 1825 2599 ὁμιλίαν.

1054 2601 1116 2675 Oine
1134 2602 1193 2680 λνδ
1213 2614 1259 2668 τοῦ
1279 2610 1415 2690 ἐλέφαντος
1433 2611 1459 2670 ἐν
1476 2609 1668 2689 Ἀλεξανδρείᾳ,
1685 2615 1731 2668 τοῦ
1751 2613 1826 2668 ἀντι-
1865 2679 1868 2688 Ι

1054 2701 1147 2774 ρῶντος
1170 2695 1345 2775 Ἀριστοφάνει
1365 2700 1403 2775 τῷ
1425 2700 1615 2777 γραμματικῷ·
1635 2701 1682 2768 τῆς
1704 2695 1756 2775 tle
1777 2699 1825 2754 αύ-

1053 2788 1099 2854 τῆς
1118 2783 1188 2862 ἤρων
1211 2783 1446 2862 στεφανοπώλιδος,
1465 2783 1510 2843 καί
1526 2785 1575 2862 οὐχ
1592 2774 1668 2852 ἧττον
1686 2773 1718 2852 ἦν
1737 2787 1751 2841 δ
1768 2785 1825 2843 ὀλί-

1054 2891 1104 2948 φας
1115 2869 1249 2940 διάδηλος·
1268 2868 1342 2950 ἐφερα
1358 2869 1406 2949 γάρ
1421 2871 1487 2948 αἰτῇ
1509 2873 1556 2940 τῆς
1575 2870 1679 2948 ὀπώρας
1697 2869 1738 2927 ἀεὶ
1756 2893 1824 2949 πρα-

1053 2956 1131 3034 τήρια
1145 2955 1404 3036 παραπορευόμενος,
1418 2955 1463 3014 καί
1476 2955 1569 3034 χρόνον
1585 2955 1666 3014 πολύν
1680 2956 1820 3036 ὑφίστατο,

1054 3043 1099 3098 καὶ
1131 3041 1178 3112 τὴν
1210 3041 1370 3120 τροόοσκίδα
1400 3046 1449 3101 τῶν
1478 3043 1605 3121 χιτωνίων
1632 3041 1710 3114 ίντθς,
1737 3041 1824 3120 ὥσπερ

1053 3127 1144 3206 χεῖρα,
1163 3127 1339 3207 παραύαλών,
1357 3129 1457 3207 ἀτρέμα
1475 3133 1521 3200 τῆς
1533 3130 1592 3210 πυρί
1606 3130 1635 3188 τὸ
1651 3133 1742 3200 στῆθος
1759 3129 1826 3209 ώρας

1054 3215 1157 3294 ἔψαυεν.

1418 3355 1464 3413 33.

1093 3502 1258 3562 Plutarchus
1274 3501 1344 3556 ibid.
1356 3520 1380 3557 c.
1395 3500 1442 3570 25,
1462 3501 1488 3570 5,
1500 3521 1530 3576 p.
1547 3502 1652 3574 978,E
1668 3523 1675 3556 :
1688 3500 1719 3558 ‘ll
1736 3497 1764 3558 δὲ
1778 3503 1828 3557 τῶν

1054 3586 1199 3665 ἐλεφάντων
1213 3585 1329 3663 ἱστορία,
1341 3585 1408 3664 φίλι,
1419 3589 1471 3644 τῶν
1481 3589 1517 3652 είς
1528 3587 1561 3644 rit
1572 3587 1707 3664 ὀρύγματα
1722 3587 1825 3664 popolu-

1054 3697 1105 3730 των
1123 3679 1167 3730 καὶ
1185 3671 1228 3729 τόν
1246 3674 1380 3732 ὀλισθόντα
1404 3672 1447 3732 lsi
1464 3673 1587 3752 χώματος
1609 3673 1825 3744 ἀναόιόοζόντων,

1055 3759 1163 3826 ἐκτοπός
1180 3763 1235 3818 ἐστι
1255 3761 1343 3826 δεινῶς
1365 3759 1410 3819 καί
1431 3759 1583 3836 ἀλλοδαπλ,
1601 3760 1645 3818 καί
1663 3759 1781 3839 καθάπερ
1798 3763 1826 3817 ἐκ

1052 3930 1078 3976 et
1087 3927 1177 3988 lapidea
1192 3926 1311 3988 ingerunt.
1324 3931 1351 3976 ut
1369 3929 1466 3990 illapsus
1479 3928 1547 3978 tacite
1562 3927 1627 3978 exire
1642 3928 1724 3990 ponit.
1742 3927 1828 3976 scribit

1053 4003 1386 4066 etiamelephantosdiisvota
1394 4005 1566 4066 haemonam
1574 4003 1827 4066 sasantinadocente,

1053 4081 1113 4130 mari
1133 4084 1249 4145 lustrent,
1269 4083 1392 4145 solemque
1414 4083 1530 4134 orientem
1546 4083 1659 4144 adorent,
1688 4081 1826 4143 proboscide

1053 4172 1138 4208 manus
1146 4160 1199 4210 loco
1210 4163 1397 4209 sursumerecta.
1411 4163 1493 4222 ltaque
1501 4159 1627 4209 eliamhoc
1637 4159 1723 4208 animal
1738 4158 1784 4207 diis
1792 4161 1826 4206 est

1053 4237 1210 4300 carissimum,
1218 4241 1246 4286 ut
1255 4239 1398 4288 Ptolomeus
1405 4238 1542 4300 Philopator
1549 4239 1662 4287 testatum
1673 4237 1736 4286 lecit.
1748 4237 1826 4292 Quum

1052 4315 1125 4374 enim,
1133 4316 1196 4364 ricto
1206 4315 1331 4376 Antiocho,
1342 4315 1413 4364 veliet
1421 4314 1467 4363 (liis
1476 4315 1590 4363 honorem
1599 4312 1722 4376 splendide
1730 4311 1825 4370 habere,

1052 4393 1139 4452 praeter
1148 4391 1194 4440 alia
1202 4391 1234 4439 ob
1246 4394 1339 4453 partam
1350 4391 1432 4452 praelio
1442 4391 1566 4440 victoriam
1578 4391 1700 4450 sacrificia,
1713 4393 1826 4451 quattuor

1052 4467 1123 4516 eliam
1133 4467 1271 4530 elephantos
1289 4467 1423 4516 immolavit
1434 4482 1440 4514 :
1451 4468 1573 4516 nocturnis
1584 4470 1665 4516 autem
1683 4467 1781 4518 territus
1791 4466 1824 4513 in·

1052 4545 1157 4604 somniis,
1166 4543 1229 4606 qrrod
1237 4543 1390 4594 numenetoh
1399 4543 1606 4594 sacnhdumillud
1614 4543 1755 4592 inusitatum
1764 4555 1825 4591 oom-

1052 4621 1191 4682 mlnaretur,
1208 4635 1285 4682 qurum
1304 4622 1387 4672 multis
1408 4623 1509 4670 ususen
1522 4621 1630 4684 piaculis,
1642 4624 1695 4672 turn
1714 4624 1827 4684 quattuor

1052 4711 1126 4749 aereos
1135 4699 1273 4761 eleplnntos
1282 4711 1327 4760 pro
1333 4699 1417 4747 occisis
1429 4699 1516 4760 posuit.

1082 4871 1190 4920 Narratio
1219 4870 1272 4930 illa,
1289 4871 1379 4932 anrice,
1394 4871 1424 4920 ite
1448 4871 1578 4934 elephantis
1593 4873 1634 4932 qui
1651 4871 1675 4920 iu
1686 4871 1771 4920 laruam
1785 4871 1825 4920 de·

1052 4949 1144 5011 lapsum
1157 4953 1266 5010 catigeta
1287 4949 1385 4998 muteris
1400 4949 1520 5009 educant,
1542 4949 1612 4998 nimis
1629 4963 1702 5012 qrrsm
1725 4949 1826 4998 absurda

1053 5029 1087 5075 est
1101 5029 1125 5074 et
1134 5027 1224 5086 aliena,
1235 5028 1349 5087 tanquam
1359 5039 1372 5073 e
1381 5027 1443 5086 rareio
1455 5025 1675 5087 edictojuhcusnos
1686 5025 1826 5076 lihrtstuhrc
