4004 5736
218 327 274 378 tto
773 309 980 374 tusltlhcul
1002 311 1262 373 atuxlttbtttut

216 449 298 504 τεῶνα
313 443 509 516 διαθάλλοντις,
523 441 580 510 τοὺς
594 441 686 518 νόμους
701 441 736 512 ,δὲ
751 442 844 508 κακίας
866 440 993 518 ἡμῖνκαὶ
1039 441 1093 509 ἑνὸς
1108 447 1159 501 τῶν
1178 441 1325 522 ε’γχωρίων·
1341 432 1370 500 οδ
1387 439 1588 510 τελευτήσαντος
1609 439 1751 517 κατασχεῖν
1768 434 1814 508 τὴν

214 533 334 608 οὐδεμιᾶς
349 533 441 611 αἱρετῆς
454 531 596 610 φάσκοντες
608 521 674 587 εἶναι
686 529 865 595 διδασκάλους.
881 531 990 603 Quodsi
1040 531 1160 612 Σφίγγα,
1177 533 1376 607 ἰπαναιρεθῒγναι
1389 527 1441 586 land
1455 548 1522 593 τινος
1533 525 1672 591 Οἰδίποδος
1685 524 1817 584 συνελθόν·

214 633 242 676 et
251 623 430 694 Lysimachus
440 631 468 676 et
481 621 648 694 Apollonius
659 618 694 674 de
709 619 816 693 legibus
827 617 991 674 ludaeorum
1039 642 1081 684 τος
1097 621 1174 697 αὐτῇ.
1186 616 1260 683 Τινὲς
1275 615 1359 676 δὲκαὶ
1377 609 1459 674 Λαΐου
1474 613 1522 686 τὴν
1536 612 1641 694 Σφίγγα
1654 612 1816 691 παραδιδόα·

214 709 318 764 nullius
328 708 438 762 virtutis
444 708 581 780 magistris
590 706 678 760 verba
689 705 828 777 iecerunt,
842 705 991 778 probabile
1040 729 1090 778 σιν,
1105 709 1139 771 ὡς
1153 704 1316 782 Λυσίμαχος.

215 805 255 850 cst
266 795 381 850 alterum
390 794 549 850 suahabere
561 811 595 848 ex
605 794 710 860 altero,
724 793 912 865 antiquiorem
922 810 991 846 veru
1085 791 1207 869 Obxul.]
1234 817 1245 842 ι
1271 791 1341 850 Cod.
1369 795 1442 866 Aug.
1471 787 1600 867 θυγατέρα
1624 785 1815 856 Εὗκαλίτονος,

215 893 358 938 auctorem
372 881 469 949 fuisse,
483 881 532 954 qui
542 881 636 953 primo
649 879 714 934 loco
727 879 855 952 ponitur,
872 879 992 952 llpollo-
1039 885 1125 940 Taur.
1140 884 1197 956 θυγ.
1212 878 1239 936 δί
1253 879 1298 936 σιἰκ
1310 875 1342 936 ἂν
1356 875 1486 954 λέγοντος,
1496 897 1553 950 quo
1565 880 1676 951 egregie
1690 875 1818 931 firmatur

216 970 295 1023 nimn
308 969 464 1024 Molonem.
1041 968 1199 1024 emendatio
1219 967 1350 1022 Valcken.
1365 961 1559 1037 Οθκαλίγοντος
1579 987 1589 1012 ν
1607 963 1739 1018 hlatthiae.
1759 963 1819 1016 No·

254 1058 391 1110 Pretereu
405 1055 603 1136 Lysimachus,⁸
615 1055 637 1109 si
650 1054 777 1109 Jonsium
797 1054 912 1127 Scriptt.
928 1053 992 1110 hist.

215 1142 325 1215 philp.
341 1159 375 1196 ιο
388 1140 493 1209 audias,
507 1142 590 1196 etiam
600 1139 636 1195 de
646 1140 730 1195 rebus
742 1140 916 1211 Assyriorum
927 1140 993 1193 scri·

215 1229 279 1302 psit.
293 1229 402 1284 Etenim
417 1229 546 1302 hgathias
559 1231 602 1296 ll,
619 1235 655 1293 al
671 1229 743 1282 inter
760 1237 887 1281 auctores
897 1221 930 1281 τδ
942 1224 989 1302 ἀρ·

215 1311 344 1392 χαιότατα
352 1314 403 1368 τῶν
413 1309 553 1390 Ἀσσυρίων
564 1333 592 1368 τι
601 1309 647 1366 καί
657 1310 755 1381 Μήδων
763 1307 993 1390 ἀναγραψαμίνους

217 1413 319 1476 praeter
340 1403 473 1455 Rerosum
487 1397 540 1476 (fr.
561 1399 747 1473 almemorat
763 1399 945 1454 Athenoclem
966 1408 993 1451 et

215 1484 357 1560 Σίρακον
378 1483 435 1559 (sic
449 1485 514 1542 cod.
532 1485 638 1560 Lugd.;
654 1481 787 1560 Σείμαχον
801 1483 865 1540 cod.
877 1481 989 1551 Κλεὼ,

216 1572 411 1647 Symmachum
424 1572 569 1648 interpr.);
582 1571 661 1645 quod
673 1573 810 1646 posterius
818 1588 993 1626 nomenmu-

216 1659 485 1718 tacilonsiusvultin
494 1659 657 1734 Λυσίμαχον.
668 1660 766 1714 Nescio
777 1677 812 1714 an
820 1667 904 1714 recte.
913 1657 995 1712 Simi-

215 1742 495 1821 ἰίιοτΣιίμμαχοςροο
504 1742 952 1820 ΛυσίμαχοςἰερείιαιυταρᾹιείε.
962 1741 999 1797 ad

217 1830 286 1906 Lyc.
304 1833 359 1902 874
373 1832 416 1905 (v.
431 1832 467 1888 lr.
481 1831 525 1906 9).
540 1832 670 1886 Ceterum
681 1833 774 1904 putari
785 1826 997 1904 ροεείιΣίριακον

219 1922 298 1974 illum
315 1919 436 1974 eundem
450 1936 522 1992 esse,
546 1936 630 1990 quem
644 1919 755 1974 Tzetzes
778 1915 846 1976 llist.
860 1917 918 1991 111,
942 1934 995 1972 roo

219 2006 383 2080 Σιμόκαττον
397 2005 480 2072 dicit,
492 2023 523 2060 ec
538 2023 594 2059 una
611 2023 674 2060 cum
689 2005 776 2060 Ctesia
793 2001 843 2077 (ir.
860 2001 911 2071 31,
926 2005 997 2058 Dio-

216 2093 305 2160 doro,
321 2094 395 2161 aliis,
407 2101 505 2146 testem
516 2090 682 2146 historiando
694 2091 808 2145 Sesostri
823 2091 999 2162 Assyriorum

219 2180 335 2234 domino
351 2181 462 2236 excitat.
481 2180 524 2233 Dc
538 2179 690 2232 Simocatto
715 2187 847 2248 tanquam
861 2173 998 2252 Ἀσσυρια-

217 2267 269 2323 κῶν
282 2267 326 2321 vel
345 2265 529 2340 Αἰγυπτιακῶν
547 2275 662 2320 auctore
676 2263 789 2319 aliunde
805 2281 864 2318 non
882 2274 997 2323 constet.

401 2409 570 2482 enaiim
591 2423 807 2484 nlrmosn.

457 2583 479 2636 E
499 2582 611 2637 LlBllO
631 2581 758 2639 PRIMO.

594 2731 621 2790 ly.

260 2853 355 2911 Schol.
373 2857 428 2925 hp.
443 2852 540 2908 libod.
555 2855 613 2926 111,
637 2870 732 2926 1179:
752 2849 819 2930 Περὶ
836 2848 863 2908 δὲ
880 2853 926 2920 τῆς
941 2851 997 2910 Εἰ-

223 2937 311 3020 ράιπης
325 2935 369 2996 καί
383 2941 428 3007 τῆς
448 2937 555 3013 Κάδμου
565 2941 600 3003 εἰς
611 2937 705 3008 (deifice
720 2936 863 3016 παρουσίας
877 2936 998 3012 Λυσίμα-

222 3048 268 3105 χος
275 3028 300 3084 ἐν
311 3048 342 3101 τη
351 3023 443 3103 πρώτῃ
453 3027 504 3081 τῶν
514 3024 658 3095 Θηθαϊκῶν
668 3024 820 3104 παραδόξων
832 3023 999 3104 (παραδόξως

221 3113 305 3189 vigo)
325 3111 457 3189 συνιίλοχε
474 3113 573 3182 πολλὴν
592 3111 638 3182 rip
659 3111 723 3182 ἰίλην
745 3113 923 3190 δισφωνοθσσν
943 3117 997 3189 (al.

222 3203 280 3258 sch.
299 3199 453 3275 Λυσίμαχος
469 3198 542 3276 ἰντῇ
562 3201 707 3276 Συναγωγῇ
723 3201 773 3255 τῶν
787 3198 932 3270 Θηθαῐκῶν
947 3221 999 3256 πα-

226 3283 336 3364 ραδόξως
350 3287 447 3362 ἰοτορεῖ
457 3287 477 3357 l.
785 3335 788 3347 ,

265 3374 415 3428 Probabile
431 3383 472 3428 est
485 3392 519 3428 ex
533 3374 697 3446 Lysimacho
710 3375 796 3448 petita
809 3391 866 3428 esse
880 3393 942 3446 quae
955 3393 1000 3428 se-

225 3469 351 3530 quuntur
361 3460 516 3513 testimonia
529 3461 665 3514 Hellanici
675 3459 701 3514 ἰν
712 3457 737 3514 α’
746 3457 902 3536 Φορωνίδος,
908 3462 1001 3516 Musaei

225 3547 256 3598 in
277 3545 500 3612 Titanomachia‚
523 3547 632 3619 Hippiae
652 3547 726 3602 Delii
744 3545 771 3603 ἰν
785 3543 884 3604 Ἐθνῶν
899 3547 1001 3623 ὄνομα·

227 3626 310 3700 σίαις,
325 3633 477 3701 Atrometi,
493 3632 668 3706 Pherecydis.

598 3749 626 3810 5.

264 3870 357 3926 Schoi.
373 3871 438 3925 Eur.
452 3871 550 3928 Phoen.
567 3871 624 3927 οδε
641 3872 676 3930 Οἱ
690 3869 718 3929 δὲ
728 3871 774 3942 τλν
790 3873 893 3954 Σφίγγα
904 3877 999 3932 llore-

206 4025 213 4034 .
226 3952 289 4032 ρέως
298 3952 346 4029 μὲν
355 3954 472 4030 γενέσθαι
482 3957 742 4038 γυναῖκα,θυγατε’ριι
755 3958 782 4017 δὲ
794 3961 1000 4038 Οὗκαλέγοντος,

403 4121 593 4182 'l'llEBAlCA
613 4124 831 4185 Phuhboxh.

605 4263 632 4312 4.

259 4360 295 4406 be
305 4359 401 4418 Europa
409 4359 434 4406 ct
442 4356 533 4418 cedmo
542 4359 630 4410 'silebis
639 4363 841 4412 commorantibus
852 4365 1004 4426 Lysimachus

228 4433 289 4480 libro
300 4433 377 4494 pn'mo
385 4432 562 4482 Paradoxorum
571 4437 737 4486 Thebanorum
747 4439 848 4488 multum
859 4441 1004 4489 testimonio·

229 4523 283 4556 ιιιιιι
294 4508 480 4571 discrepantium
491 4509 577 4559 silvam
587 4514 711 4573 congessit.

261 4671 374 4721 Nonnulli
383 4673 511 4733 sphingem
521 4675 623 4724 llamrei
635 4688 747 4738 uxorem,
763 4676 835 4726 liliam
853 4691 909 4745 verp
919 4681 1005 4730 Ucale-

230 4751 322 4810 gontts,
331 4750 402 4798 unius
411 4764 440 4800 ετ
459 4751 588 4814 indigenis,
599 4754 669 4804 luisse
682 4755 785 4804 tradunt.
800 4759 894 4830 Μριίυο
904 4760 1005 4818 marito,

231 4827 358 4888 sphingem
368 4829 497 4888 (occupato
508 4829 588 4878 Plticio
597 4831 650 4879 loco
655 4831 748 4880 munito
755 4833 883 4882 latrociniis
892 4837 1005 4884 beotiam

1041 1073 1105 1111 men
1116 1050 1282 1128 Οὐκαλίγων,
1297 1064 1438 1125 tamquam
1448 1053 1502 1106 viri
1511 1050 1638 1122 Τιὀγυιιί,
1650 1051 1733 1104 habes
1742 1049 1819 1122 apud

1041 1145 1157 1198 Homer.
1176 1143 1209 1198 ll.
1221 1161 1251 1214 γ,
1271 1140 1336 1204 tlh.
1359 1171 1397 1182 -
1412 1139 1629 1214 ἰπανοιιρεθῆναι]
1652 1138 1818 1193 «Scriben-

1042 1229 1110 1282 tlum
1125 1228 1249 1283 arbitror
1267 1215 1312 1282 εἰτ’
1332 1226 1507 1302 ἀναιρεθῆναι.
1523 1225 1578 1280 Sed
1594 1243 1630 1280 ne
1649 1224 1819 1296 sicquidem

1042 1318 1091 1370 ista
1105 1333 1169 1370 sana
1182 1324 1352 1388 praestarem.
1368 1339 1380 1362 ν
1398 1312 1530 1368 Vulci-en.
1545 1311 1629 1366 Plura
1640 1309 1817 1378 exciderunt,

1041 1413 1121 1476 puto.
1137 1404 1226 1457 Possis
1241 1422 1249 1456 ι
1265 1399 1405 1476 κατασχεῖν
1418 1396 1465 1466 τὴν
1477 1400 1525 1474 γῆν
1541 1395 1657 1476 Σφίγγα,
1671 1385 1717 1452 εἰτ’
1729 1397 1817 1473 ἆναιρ.

1043 1500 1109 1559 ειο.,
1128 1489 1173 1544 ναί
1192 1493 1333 1564 κατασχεῖν
1351 1482 1432 1554 αὐτὴν
1447 1483 1477 1541 rh
1496 1483 1590 1542 Φίκιον
1612 1485 1669 1556 (vel
1685 1482 1817 1561 Σφίκιον),

1043 1573 1093 1632 ἔνθ’
1113 1575 1278 1652 ἀναιρεθῆναι
1299 1573 1358 1632 κτλ.
1378 1575 1419 1629 Ut
1437 1584 1468 1628 ut
1487 1583 1540 1642 est,
1561 1572 1702 1628 indicatur
1720 1571 1818 1626 eadem

1045 1663 1102 1718 sere
1124 1663 1265 1730 narratio,
1285 1681 1369 1735 quam
1391 1661 1490 1716 Suidas
1509 1661 1628 1716 servavit
1643 1679 1671 1714 v.
1695 1657 1820 1724 Οἰδίπους

1045 1747 1094 1802 ubi
1115 1751 1154 1804 sic
1173 1769 1180 1804 :
1203 1743 1318 1821 Γεγονὼς
1333 1744 1360 1803 δὲ
1379 1745 1491 1824 θνδριῖος
1510 1743 1669 1821 (Οἰδίπους)
1686 1743 1818 1822 ἐλῄστευε.

1047 1833 1113 1890 Καθ’
1128 1831 1156 1890 δν
1169 1831 1259 1911 καιρὸν
1273 1833 1348 1904 καὶὴ
1367 1831 1496 1906 λεγομένη
1518 1829 1600 1912 Σφίγξ
1615 1829 1741 1910 ἀνεφάνη,
1755 1831 1819 1908 γυνθ,

1044 1917 1160 1989 δυσείδης
1173 1919 1218 1976 καί
1231 1915 1357 1996 θηριώδης
1366 1917 1413 1988 τὴν
1425 1916 1514 1996 φύσιν·
1527 1915 1698 1974 οἰποθαλοῒισα
1713 1917 1764 1995 γάρ
1776 1917 1819 1974 τὸν

1044 2003 1137 2092 ἄνδρα,
1151 2006 1196 2063 καί
1207 2011 1390 2084 συναγαγοῦσα
1400 2006 1476 2084 χεῖρα
1486 2003 1533 2062 καί
1542 2005 1621 2061 τόπον
1632 2003 1820 2062 καταλαθοῦσα

1045 2089 1171 2150 δθοὸατον
1191 2091 1250 2159 τοὺς
1266 2091 1405 2171 παριόντας
1425 2091 1538 2172 ἰφόνευε.
1560 2089 1594 2149 Ὁ
1620 2083 1664 2149 οὖν
1681 2091 1820 2162 Οἰδίπους,

1045 2179 1125 2236 δεινόν
1139 2203 1163 2236 τι
1186 2180 1404 2258 βουλευσάμενος,
1426 2179 1530 2236 δίδωσιν
1550 2178 1641 2237 ἑαυτὸν
1665 2180 1723 2254 μετ’
1741 2180 1821 2248 αὐτῆς

1044 2265 1189 2346 λῃστεύειν·
1202 2267 1247 2324 καί
1261 2267 1420 2346 ἐπιτηρήσας
1432 2265 1530 2345 καιρδν,
1545 2265 1572 2324 ὃν
1586 2263 1721 2341 ἰὸούλετο,
1736 2266 1819 2346 λόγχγΙ

1045 2354 1147 2433 ιίναιρεῖ
1157 2353 1238 2423 αὐτὴν
1252 2354 1296 2412 καί
1310 2353 1369 2420 τοὺς
1382 2353 1439 2430 μετ’
1450 2355 1539 2422 αὐτῆς.
1558 2356 1688 2410 Ceterum
1701 2374 1758 2409 non
1773 2373 1822 2410 so-

1045 2443 1102 2496 lum
1126 2445 1209 2498 variae
1230 2443 1263 2498 de
1279 2444 1401 2518 Sphinge
1417 2445 1573 2510 sententia,
1588 2441 1637 2496 sed
1655 2444 1739 2496 etiam
1759 2461 1821 2514 quae

1045 2530 1184 2584 antecedit
1205 2549 1251 2603 ap.
1267 2531 1354 2584 schol.
1371 2529 1407 2585 de
1421 2529 1533 2603 OEdipo
1552 2531 1689 2584 variarum
1711 2529 1821 2584 sabula-

1045 2635 1108 2670 rum
1124 2617 1235 2692 farrago
1250 2637 1283 2672 ex
1295 2619 1459 2690 Lysimacho
1475 2615 1597 2674 fluxerit.

1192 2749 1216 2802 Ε
1235 2748 1347 2803 LlBRO
1367 2747 1507 2803 bucino
1524 2747 1669 2804 TERTIO.

1414 2879 1443 2938 6.

1084 3009 1178 3066 Schoi.
1196 3007 1328 3082 Sophocl.
1344 3009 1418 3067 OEd.
1433 3009 1464 3065 C.
1478 3025 1513 3081 91
1533 3025 1540 3066 :
1556 3006 1615 3066 Εἰσί
1629 3029 1658 3082 γε
1672 3004 1699 3064 ol
1710 3028 1774 3084 φασι
1793 3005 1824 3065 τὸ

1046 3095 1138 3169 μνῆμα
1150 3097 1195 3150 τοῦ
1207 3093 1344 3159 Οἰδίποδος
1354 3095 1380 3150 ἰν
1392 3095 1453 3173 ἱερῷ
1461 3092 1599 3172 Δήμητρος
1611 3084 1677 3151 εἶναι
1688 3095 1714 3150 ἐν
1726 3093 1824 3152 Ἐτεω-

1045 3182 1096 3256 νῷ,
1107 3178 1306 3256 ματαγαγόυτων
1316 3178 1393 3238 αὐτὸν
1403 3182 1432 3238 lx
1447 3183 1514 3238 Κεοῦ
1523 3180 1589 3246 τινὸς
1601 3180 1704 3256 α’σήμου
1714 3181 1822 3258 χωρίου,

1045 3264 1163 3345 καθάπερ
1177 3269 1291 3344 ἱστορεῖν
1301 3266 1378 3345 φησίν
1392 3266 1525 3345 ’λρίζηλον
1540 3269 1693 3345 Λυσίμαχος
1713 3271 1727 3324 θ
1749 3267 1824 3338 'hle-

1046 3350 1164 3432 ξανδριδς
1174 3355 1200 3410 ἰν
1215 3353 1247 3430 ιγ’
1260 3352 1307 3434 [ἰν
1318 3353 1342 3430 γ’
1349 3354 1378 3431 i]
1389 3357 1439 3411 τῶν
1450 3353 1605 3426 Θηὸαϊκιῗιν,
1615 3355 1721 3434 γράφων
1732 3353 1822 3420 οὕτως·

1046 3467 1058 3491 ε
1071 3439 1181 3501 Οἰδίπου
1196 3441 1222 3498 δί
1237 3440 1449 3513 τελευτήσαντος,
1464 3441 1509 3500 καί
1524 3445 1575 3500 τῶν
1588 3443 1669 3522 φίλων
1683 3443 1710 3500 ἰν
1719 3441 1826 3514 Θήὸαις

1046 3527 1153 3586 θάπτειν
1175 3525 1253 3586 αὐτὸν
1270 3528 1467 3605 διανοουμένων,
1488 3528 1600 3588 ἐκώλυον
1614 3532 1637 3588 οἰ
1651 3528 1767 3600 Θηθαῖοι
1782 3529 1825 3588 δια

1023 3637 1027 3716 Ι
1048 3612 1093 3681 τίις
1102 3613 1324 3693 προγιγενημίθας
1335 3614 1477 3695 συμφοράς,
1489 3620 1525 3682 ὣς
1534 3616 1605 3682 ὄντος
1616 3615 1736 3684 θσεὸοῦςε
1745 3619 1785 3682 Οἱ
1797 3616 1826 3674 δί

1048 3699 1201 3778 κομίσαντες
1215 3700 1293 3759 αὐτδυ
1307 3699 1342 3768 εἰς
1355 3725 1413 3760 τινα
1427 3702 1504 3760 τθπον
1518 3707 1564 3774 τῆς
1583 3703 1709 3769 Βοιωτίας
1727 3704 1826 3762 κολού-

1049 3809 1124 3862 μενον
1135 3786 1202 3847 Κεδν
1213 3787 1310 3867 ἔθαψαν
1322 3789 1407 3848 αὐτόν.
1417 3789 1562 3866 Γιθομίνιον
1571 3789 1597 3849 δὲ
1608 3794 1660 3856 τοῖς
1667 3791 1692 3850 ἰν
1705 3790 1825 3870 τῇκώμη

1049 3879 1211 3950 κατοικοῦσιν
1230 3873 1405 3951 ἀτυχημάτων
1417 3879 1502 3948 τινῶν,
1516 3876 1643 3946 οἰηθίντες
1660 3875 1747 3934 αἰτίαν
1759 3867 1827 3935 εἶναι

1049 3959 1095 4031 τὴν
1107 3959 1217 4022 Οἰδίπου
1227 3962 1321 4043 ταφὴν,
1329 3963 1444 4022 ἐκέλευον
1454 3963 1512 4030 τοδς
1522 3965 1609 4044 φίλους
1622 3967 1736 4044 ἀναιρεῖν
1747 3965 1827 4024 αιἰτόν

1428 4133 1455 4182 θ.

1080 4219 1141 4270 suhi
1154 4221 1195 4284 qui
1205 4222 1286 4270 dicent
1296 4225 1480 4272 monumentum
1490 4223 1617 4286 OEdipodis
1628 4224 1652 4272 in
1663 4226 1718 4278 lario
1733 4225 1828 4274 cereris

1048 4299 1195 4358 asellicum,
1201 4311 1308 4360 quocum
1314 4299 1559 4362 deportasseuteccp,
1567 4301 1757 4364 ignotoquodam
1763 4303 1827 4364 Ιοοο,

1050 4379 1076 4423 ut
1089 4375 1183 4424 tradere
1198 4376 1317 4424 Anicetum
1333 4376 1392 4426 dicit
1408 4378 1563 4438 Lysimachus
1574 4378 1751 4428 Alexandrinus
1766 4379 1828 4429 libro

1049 4451 1220 4500 decimotertio
1228 4455 1263 4500 De
1274 4453 1345 4502 rebus
1351 4453 1478 4515 Thebanis,
1485 4453 1527 4502 ubi
1536 4453 1569 4503 itu
1578 4454 1677 4504 scribit:
1689 4474 1701 4498 ι
1711 4456 1828 4518 OEdipum

1049 4527 1188 4576 defunctum
1202 4541 1278 4590 quum
1294 4529 1364 4578 emici
1375 4529 1463 4579 Thebis
1474 4531 1573 4592 sepelire
1588 4532 1692 4593 vellent,
1712 4532 1827 4582 obstitere

1051 4605 1156 4653 Tlretsani
1164 4641 1171 4665 ,
1180 4605 1245 4666 quod
1253 4605 1357 4667 OEdipus
1366 4609 1462 4668 propter
1471 4608 1561 4670 priores
1569 4622 1639 4658 casus
1650 4623 1693 4671 pro
1705 4609 1777 4671 impio
1787 4609 1828 4659 bu·

1051 4684 1142 4732 bentlus
1153 4687 1222 4732 esset.
1234 4683 1271 4733 1111
1284 4685 1354 4745 igitur
1365 4687 1389 4733 in
1400 4687 1480 4734 vicum
1490 4687 1609 4748 quendam
1626 4689 1740 4749 bustim,
1753 4701 1827 4750 quem

1050 4764 1125 4809 ceum
1139 4764 1274 4818 nominant,
1287 4761 1443 4822 deportarunt
1456 4761 1536 4824 ibique
1556 4765 1724 4826 stpcliacrunt.
1744 4769 1826 4822 Quum

1050 4853 1107 4888 ιἐτυ
1117 4839 1200 4888 incolae
1209 4840 1280 4900 hujus
1290 4839 1334 4889 vici
1342 4841 1514 4896 calamitatibus
1524 4843 1666 4905 quibusdam
1677 4843 1828 4893 afficerentur

233 4918 343 4962 vexasse,
357 4905 453 4954 tandem
473 4910 547 4966 vcro)
563 4908 711 4958 interfectam
725 4923 776 4960 esse
792 4911 823 4959 ab
837 4913 926 4974 OEdtpo
945 4927 1006 4974 quo·
1026 4915 1030 5008 Ι
1051 4929 1196 4976 causamque
1207 4929 1290 4965 eorum
1305 4918 1442 4977 sepulcrum
1454 4917 1535 4980 OEdipi
1549 4932 1600 4968 esse
1612 4922 1737 4982 putarent,
1749 4920 1828 4981 jusse-

233 4981 303 5039 dam,
316 4983 357 5044 qni
369 4995 485 5031 remeunt
498 4996 527 5032 eo
544 4985 667 5035 liubncrat.
681 4990 793 5037 Nonnulli
812 4991 938 5053 Sphingem
956 4993 1006 5041 Leia

234 5057 306 5104 hlium
319 5059 388 5107 luisse
402 5060 535 5118 perhibent,
547 5067 573 5110 ot
585 5063 739 5124 Lysimachus
750 5065 790 5114 all.

1052 4997 1107 5041 nint
1113 4994 1203 5041 amicos
1209 5005 1285 5042 eume
1295 4995 1389 5055 regione
1395 5005 1438 5042 sue
1447 4995 1548 5045 aniene.
1559 4995 1595 5046 illi
1606 5001 1702 5058 propter
1712 4996 1763 5044 banc
1771 5009 1828 5044 con·

1051 5069 1096 5118 sitii
1108 5070 1186 5132 inopia
1198 5069 1333 5119 laborantes
1342 5071 1462 5121 sublatum
1471 5075 1682 5134 corpuslllconum
1692 5075 1826 5134 portarunt.
