3974 5732
825 345 1075 410 retensum.
1692 352 1748 404 ιιι

160 480 332 552 potissimam
351 489 423 546 tres,
447 465 564 532 Phanias
587 478 688 553 ming.
714 479 747 534 L.
770 479 838 544 vll,
863 477 928 550 ιι),
975 475 1042 530 ilinc
1062 475 1089 526 in
1104 472 1311 526 contemnendo
1331 473 1430 528 dolore
1449 475 1571 546 probant
1583 485 1667 552 ateius
1682 495 1748 530 eorr-

162 565 375 640 Aselepiodotus
390 563 504 639 iSenec.
521 565 577 636 Qu.
592 565 654 621 Nat.
672 566 715 632 ll,
732 563 784 632 263
799 565 853 632 Vl,
879 578 929 634 173
975 560 1105 616 lirmsnt:
1119 570 1217 614 coritis
1229 560 1297 614 nihil
1312 561 1421 632 turpius
1435 560 1491 614 istis
1505 562 1571 631 qui,
1587 579 1671 631 quam
1686 572 1752 614 ante

160 655 202 721 ll,
224 652 277 726 303
296 655 330 720 V,
354 652 403 720 153
427 653 481 720 Vl,
503 648 572 725 sn),
586 649 804 724 lasontiSuidas
823 669 850 704 v.
874 646 928 706 ’ti-
976 649 1007 702 in
1023 647 1119 702 schola
1137 645 1327 718 probaverant
1346 647 1528 714 sententiam,
1548 646 1583 700 ah
1597 665 1629 700 ea
1651 647 1677 698 iu
1694 647 1751 718 ipsi

158 761 218 814 eur,
232 737 423 816 Μενεκράτους,
435 733 677 810 Nueacie);quem
688 749 871 811 postremum,
884 755 931 790 ne·
975 735 1030 788 vita
1052 733 1208 788 desciscunt
1230 746 1348 804 eamque
1370 731 1506 804 flagitiose
1529 732 1667 790 deserunt.
1687 737 1751 804 Quo

158 837 277 899 poterim
288 823 353 894 iilia,
362 843 548 880 successorem
558 824 690 879 insehola
702 825 825 897 reliquit.
838 821 938 895 Quid?
975 821 1090 876 nomine
1100 820 1264 892 Dionysium
1279 820 1464 874 Heracleoten
1474 820 1637 874 criminatur
1653 819 1752 877 Cicero

158 911 235 984 qnod
247 911 307 982 σιω
324 912 446 966 nominis
464 911 610 966 celebritas
627 929 686 965 ison
705 911 805 966 scholae
826 911 929 965 umbra
976 907 1040 965 Fin.
1054 908 1086 974 V,
1100 905 1133 960 31
1150 916 1179 960 et
1195 907 1276 962 Tuse.
1289 907 1335 973 ΙΙ,
1351 903 1406 973 25,
1420 905 1597 976 quodquum
1612 907 1752 962 aZenouo

157 1001 294 1071 aretisqm
304 997 406 1053 linibus
417 999 622 1066 continebatur,
633 997 682 1054 sed
692 998 747 1053 late
760 997 930 1070 abundeque
976 995 1056 1049 tortis
1067 1011 1125 1048 esse
1136 991 1293 1060 didicisset,
1305 991 1430 1048 adolere
1442 989 1580 1046 dedoctus
1588 1001 1637 1048 est.
1650 995 1688 1048 At
1697 1013 1752 1048 ueri

158 1086 233 1156 quasi
249 1083 355 1140 fluebat
370 1103 402 1140 ac
418 1083 595 1153 dimanahat3
609 1083 641 1140 id
653 1083 733 1156 quod
747 1085 889 1140 clarissimi
901 1086 931 1138 in
975 1093 1076 1146 noster,
1088 1079 1363 1151 inquit,Pnsidonius
1375 1095 1381 1132 ι
1393 1095 1473 1151 quem
1482 1091 1511 1132 et
1520 1083 1578 1152 hue
1586 1097 1663 1151 saepe
1673 1083 1746 1148 uidi,

159 1175 285 1227 Romana
303 1173 414 1226 civitate
428 1173 481 1226 viri
498 1181 643 1240 testantur,
662 1161 798 1242 Vellejus‚
813 1172 929 1240 Balbus,
975 1178 1004 1220 et
1018 1167 1050 1220 id
1062 1167 1170 1232 dicam,
1184 1165 1259 1236 qisod
1268 1165 1376 1218 solebat
1388 1181 1505 1217 numere
1518 1165 1664 1236 Pompeius
1678 1184 1688 1218 .·
1703 1185 1750 1232 re,

157 1259 238 1316 &itta
251 1255 365 1334 (Cicero
376 1259 411 1313 N.
424 1261 458 1315 D.
473 1260 504 1327 I,
518 1264 553 1323 ιι
565 1257 572 1326 i
586 1277 595 1312 ι
608 1277 679 1330 quos
689 1257 835 1314 Posidonii
850 1257 931 1312 fami·
975 1272 1057 1326 quum
1073 1251 1200 1306 Rhodum
1212 1256 1335 1306 venisset
1347 1251 1483 1306 decedens
1495 1268 1533 1304 en
1546 1251 1642 1322 Syria,
1656 1255 1754 1310 audrie

158 1345 471 1402 liaritaseterudivitet
484 1345 651 1400 nobilitavit.
672 1345 793 1400 Maxime
808 1344 931 1418 denique
975 1343 1095 1395 voluisse
1113 1339 1288 1394 Posidonium
1312 1357 1322 1390 .·
1340 1339 1392 1392 sed
1405 1355 1488 1410 qurum
1516 1337 1665 1392 audivisset
1690 1356 1752 1393 emu

156 1433 296 1488 celebrata
307 1444 349 1488 est
361 1431 535 1488 consuetudo
551 1451 614 1505 quae
625 1433 676 1506 ipsi
691 1449 753 1486 enm
772 1429 824 1490 Cn.
843 1432 930 1486 Pom-
974 1431 1165 1496 grauiteresse
1183 1443 1306 1500 oegrunr,
1319 1426 1393 1496 quini
1407 1423 1588 1478 vehemeter
1604 1424 1665 1489 siris
1677 1437 1754 1480 arun

156 1520 222 1590 peio
235 1529 296 1574 erat
316 1539 322 1573 :
345 1537 430 1592 quem
450 1538 538 1592 quum
558 1519 848 1592 rerumpublicarum
868 1537 932 1574 usus
978 1515 1149 1582 laborarent,
1172 1515 1285 1568 uoluisse
1305 1524 1398 1566 tairteu
1416 1513 1614 1570 nobilissimum
1631 1511 1752 1584 piritu-o-

156 1601 645 1679 atquetracmtiobelliquestrepitrn
654 1606 848 1679 paulloabhis
857 1623 931 1660 man.
978 1597 1067 1674 pirum
1086 1607 1178 1656 visere
1196 1621 1206 1657 ι,
1222 1618 1302 1672 quem
1310 1611 1340 1653 ut
1348 1600 1466 1654 uidisset
1475 1611 1503 1653 et
1512 1600 1687 1652 salutavisset
1699 1601 1752 1654 lio-

156 1693 239 1746 suetis
250 1691 932 1766 studiischalienasseviderentur,easdisciptinas
976 1687 1153 1760 uorificisque
1169 1688 1264 1741 uerbis
1281 1698 1439 1760 prosecutus
1455 1697 1527 1740 esset
1542 1687 1705 1758 molesteque
1724 1707 1754 1742 ιι

155 1779 335 1834 nihilomiuus
347 1780 416 1835 tanti
420 1782 549 1854 putant,
560 1789 592 1834 ut
606 1797 702 1834 earum
713 1779 757 1833 vel
767 1777 930 1833 admiratio·
976 1770 1181 1844 dimississem,
1195 1775 1270 1847 qriod
1277 1792 1339 1828 eum
1350 1792 1405 1828 non
1417 1784 1509 1846 pauset
1519 1773 1633 1838 casdim
1644 1785 1675 1826 at
1688 1777 1750 1840 ilir,

154 1882 218 1918 nem
227 1863 495 1939 laudisaliquantum
504 1864 659 1920 habituram
666 1866 844 1922 existimaret.
859 1865 930 1919 Nam
979 1861 1019 1915 Tu
1033 1879 1115 1928 uem,
1134 1865 1241 1934 sequit,
1249 1873 1343 1934 potess
1361 1865 1609 1926 neccommittam,
1632 1873 1661 1914 ut
1675 1861 1755 1915 eloim

156 1950 323 2020 Posidonio,
334 1953 444 2026 quoties
456 1951 552 2007 Rhodi
565 1951 619 2006 fuit
632 1952 796 2024 Pompeias,
810 1951 847 2004 ita
858 1968 930 2004 sem·
975 1953 1095 2022 corporis
1103 1943 1223 2022 efficiat,
1235 1959 1265 2002 ut
1267 1944 1379 2017 frustra
1386 1959 1477 2002 tantus
1487 1952 1533 2002 ιιὶι
1540 1949 1580 2000 ad
1588 1953 1752 2002 incusserit.

155 2055 207 2110 per
216 2039 356 2107 utebatur,
369 2049 400 2092 ιιι
413 2057 472 2112 prae
485 2039 584 2093 ceteris
596 2039 641 2097 sel
655 2039 795 2111 sapientise
810 2038 854 2091 rel
871 2038 928 2091 elo·
977 2037 1076 2106 Itaque
1086 2035 1220 2088 uomebat
1228 2053 1289 2088 euni
1299 2039 1420 2109 grauiter
1430 2046 1458 2088 et
1467 2041 1576 2107 copiose
1585 2034 1620 2086 de
1629 2031 1680 2086 hoc
1695 2039 1754 2105 ipm

155 2127 275 2196 quentiae
299 2125 463 2180 doctoribus
482 2126 635 2198 plurimum
657 2125 740 2198 hujus
765 2123 930 2197 disputatio·
976 2121 1119 2175 cubantem
1141 2122 1322 2195 disputavisse
1342 2141 1351 2174 :
1373 2137 1510 2194 quumque
1530 2125 1611 2194 quasi
1620 2119 1704 2190 scires
1725 2127 1751 2175 ci

155 2210 238 2265 nibus
265 2211 460 2269 delectaretur.
488 2213 577 2283 Quam
603 2229 778 2266 summorum
804 2211 931 2264 virorum
975 2208 1075 2262 uictoris
1083 2209 1296 2275 adunarentur,
1310 2226 1386 2282 scepe
1394 2209 1519 2262 dixisse:
1532 2206 1688 2280 Nileiiugis,
1702 2210 1755 2262 do-

155 2299 387 2353 eonsnetudinern
396 2297 559 2374 significavit
570 2299 671 2354 Strabo
684 2300 736 2365 XI,
748 2316 778 2370 p.
791 2302 844 2361 ιοι
857 2307 928 2356 este.
978 2297 1033 2363 ιρις
1054 2300 1179 2368 ρααιηιιι
1196 2299 1235 2350 sis
1247 2297 1386 2362 molestus,
1406 2313 1555 2368 numquam
1575 2306 1602 2350 te
1615 2313 1673 2349 esse
1686 2314 1752 2350 coir-

155 2387 248 2456 Qrum
263 2387 337 2440 enim
352 2405 376 2442 a.
390 2405 419 2441 ιι.
436 2386 493 2456 687
509 2386 545 2440 ιιιι
559 2386 710 2440 Piratieum
724 2385 829 2439 bellum
842 2383 932 2457 proli-
973 2383 1075 2451 fitebor
1093 2385 1208 2437 mahim.
1230 2385 1313 2438 lianc
1327 2399 1484 2437 maionem
1499 2381 1640 2438 discissam
1652 2383 1753 2438 esseeb

154 2473 307 2528 eiseeretur
318 2474 483 2546 Pompeius,
494 2473 625 2545 incoque
637 2473 736 2526 itinere
749 2471 846 2526 Rhodi
862 2490 932 2525 eon·
976 2471 1023 2526 illa
1037 2470 1224 2544 disputatione
1237 2471 1367 2525 adversm
1380 2472 1597 2543 llermagoram,
1610 2487 1669 2523 non
1683 2487 1756 2542 opes

153 2560 270 2630 sisteret,
280 2559 457 2615 disserentem
465 2557 646 2614 Posidonidm
655 2559 762 2614 audivit
771 2577 778 2612 ι
787 2576 931 2631 quumque
977 2568 1061 2612 estut
1072 2557 1294 2612 demonstremus
1309 2577 1315 2609 ε
1328 2557 1364 2612 de
1375 2567 1504 2630 tempore
1519 2567 1613 2612 autem
1625 2557 1662 2610 ita
1673 2557 1755 2611 nobis

153 2645 331 2718 proficiscens
344 2648 547 2702 nobilissimum
557 2647 772 2719 philosophum,
785 2647 932 2718 Nuruquid
977 2643 1100 2717 ridetur,
1112 2645 1189 2699 hune
1199 2645 1341 2700 Ciceronis
1349 2645 1444 2698 locum
1454 2642 1635 2698 referendum
1647 2661 1705 2698 esse
1718 2643 1754 2698 ael

153 2737 250 2801 veltet,
270 2746 398 2809 rogaret,
417 2735 463 2789 hic
480 2736 632 2788 maximum
649 2736 848 2808 imperatorem
871 2735 932 2787 llo·
977 2749 1081 2785 annum
1100 2732 1211 2785 Pimtiei
1230 2730 1313 2798 belli,
1334 2749 1358 2785 a.
1375 2749 1405 2786 u.
1425 2730 1499 2798 6873
1514 2748 1572 2802 qno
1590 2730 1754 2784 brevissimo

152 2823 257 2876 mesico
273 2823 325 2876 illo
343 2841 426 2876 versu
443 2821 478 2877 ad
499 2819 692 2876 fortitudinem
709 2819 931 2894 persequendam
978 2827 1102 2891 tempore
1110 2818 1244 2886 conlecto,
1256 2819 1347 2871 Asiam
1355 2817 1455 2871 obiise
1464 2817 1627 2889 Pompeium
1636 2828 1753 2890 resistat,

151 2907 281 2964 hortatus
294 2909 383 2964 fertur
399 2928 406 2962 τ
978 2915 1006 2958 et
1025 2902 1178 2982 ἐπέρχεσθαι
1198 2903 1244 2966 τις
1257 2899 1363 2972 πόλεις,
1379 2913 1410 2956 ut
1426 2913 1466 2957 est
1480 2901 1557 2974 apud
1571 2903 1751 2956 Plutarchum

625 3045 632 3060 ,
979 2991 1007 3044 in
1024 2989 1084 3062 ejus
1095 2989 1221 3048 vimnd
1235 2989 1306 3043 illud
1319 2991 1383 3056 iter,
1399 2987 1478 3060 quod
1490 3005 1574 3060 supra
1587 2986 1753 3060 significavi·

212 3075 267 3124 tite
279 3075 416 3136 ἀριστεύειν,
429 3076 468 3123 ¹²¹²
481 3075 808 3138 ianuamianuaim,
977 3095 1057 3146 mus,
1071 3077 1202 3132 conlecto
1222 3075 1415 3130 Mithridatico
1434 3075 1526 3147 hello,
1538 3075 1661 3146 pertinet
1676 3075 1754 3128 loeus
1847 3119 1849 3124 .

978 3163 1060 3219 Plinii
1079 3165 1115 3220 ll.
1133 3166 1171 3220 N.
1189 3164 1256 3232 Vll,
1270 3181 1293 3220 s.
1311 3161 1343 3216 31
1358 3179 1366 3220 t
1381 3162 1435 3216 Cn.
1450 3162 1613 3234 Pompeius,
1630 3159 1755 3232 consecto

188 3276 201 3301 ι
215 3253 358 3322 Quattuor
371 3261 467 3324 postea
479 3251 567 3320 annis,
577 3270 665 3324 quum
676 3252 931 3308 hellihlithrirlatici
978 3253 1174 3307 Mithridatico
1186 3251 1272 3314 seito,
1287 3253 1435 3302 intramnis
1449 3249 1591 3303 Posidonii
1604 3253 1752 3320 sapienties

150 3338 315 3394 incendium
330 3339 515 3406 restinxisset,
534 3339 658 3410 Syriam,
673 3339 813 3410 Jndaeam,
828 3346 930 3396 Arme·
975 3337 1146 3412 pmsessiouc
1164 3339 1234 3392 clari
1246 3337 1373 3402 dunum,
1387 3331 1468 3404 scies
1476 3339 1584 3408 liemuti
1599 3335 1635 3390 de
1648 3319 1753 3396 andrea

150 3429 224 3480 niam
239 3467 248 3495 ,
264 3425 366 3479 nutritas
379 3425 445 3479 alias
457 3427 528 3479 Asiae
548 3436 642 3498 partes
655 3427 847 3482 Romanorum
863 3429 931 3483 sub·
979 3429 1072 3480 lictum
1084 3431 1195 3481 uetuit:
1208 3435 1237 3478 et
1238 3421 1337 3494 fasces
1355 3424 1508 3476 littemuun
1516 3427 1619 3491 janum
1631 3419 1756 3476 submisit

148 3512 258 3582 jecisset
271 3513 401 3586 imperio,
416 3511 524 3565 Italiam
533 3512 653 3582 rediens,
663 3514 812 3586 Mytilenae,
826 3515 931 3584 Rhodi,
978 3519 1017 3581 is,
1037 3517 1082 3566 eui
1100 3531 1131 3566 se
1153 3513 1249 3566 Oriens
1270 3509 1455 3580 vocalemque
1474 3509 1645 3562 submiserat.
1668 3507 1754 3578 Quod

150 3599 269 3653 Athenis
288 3599 326 3654 ita
343 3599 410 3666 suit,
430 3609 461 3652 ut
482 3597 601 3654 dubium
623 3613 692 3654 esset
713 3603 836 3675 inagisne
855 3589 931 3657 bello
977 3600 1077 3656 iisdem
1087 3599 1180 3654 verbis
1195 3597 1308 3671 repetiit
1326 3596 1438 3651 Solinus
1452 3595 1588 3667 Polyhist.
1606 3613 1631 3650 e.
1648 3581 1677 3661 ἰ,
1691 3596 1752 3648 Jarn

149 3697 264 3758 potens,
276 3703 312 3740 aa
320 3705 417 3758 poem
429 3686 559 3758 pacisque
568 3696 640 3741 artes
648 3686 746 3741 fovens
757 3689 931 3760 conspicere·
977 3687 1035 3742 haee
1044 3687 1215 3744 familiaritas
1225 3725 1232 3754 ,
1244 3695 1276 3740 ut
1290 3685 1426 3756 Pompeio
1441 3683 1570 3752 laudem,
1584 3681 1623 3736 ita
1636 3679 1753 3736 Posido·

150 3783 206 3830 tur.
219 3771 422 3827 Plutarchnsin
434 3774 604 3845 Pompeios.
618 3779 669 3838 ia:
680 3769 929 3851 ἘνδὲῬόδιργενό·
977 3775 1026 3828 nio
1039 3774 1162 3828 fructum
1176 3773 1268 3827 attulit
1285 3782 1369 3843 atque
1387 3771 1535 3824 utilitatem
1554 3787 1561 3826 ι
1582 3770 1648 3842 qui,
1668 3784 1754 3841 prout

148 3881 225 3930 μενος
235 3857 404 3933 (Πομπήϊος)
414 3857 518 3914 πάντων
527 3855 786 3935 μὲνήκρσισατστῶν
795 3861 931 3940 σοφιστῶν,
977 3861 1140 3917 Aristoteles
1153 3859 1248 3934 Magni
1261 3859 1388 3932 discipuli
1403 3873 1489 3930 opera
1501 3855 1629 3928 adjutus,
1642 3857 1681 3910 ita
1695 3859 1753 3928 ipse

148 3943 309 4022 ααιδωρειιν
328 3945 430 4023 ἑκάστῳ
448 3944 575 4002 τάλαντον
595 3943 684 4003 ἔδωκε.
712 3947 883 4012 Ποσειδώνιος
904 3947 931 4006 δὲ
978 3965 993 4002 e
1017 3947 1144 4020 Pompeii
1163 3945 1327 4011 itineribus,
1346 3943 1462 3998 mirifice
1473 3943 1650 4016 geographiae
1667 3943 1755 3996 seien-

149 4031 196 4088 καὶ
212 4031 261 4100 τὴν
280 4031 406 4109 ἀκρόασιν
421 4031 565 4110 ἀνέγραψεν
579 4031 611 4101 ἣν
627 4031 701 4110 ἔσχεν
717 4032 757 4090 ἐπ’
774 4035 855 4091 αὐτοῦ
869 4031 931 4113 πρὸς
979 4035 1045 4089 tiam
1058 4045 1218 4105 naturaque
1229 4031 1418 4108 cognitionem
1430 4031 1538 4085 auserit
1548 4047 1554 4084 :
1565 4028 1643 4102 quod
1653 4029 1754 4084 Strabo

148 4116 322 4196 Ἑρμαγόραν
343 4119 386 4176 τὸν
402 4118 497 4198 ῥήτορα
512 4119 571 4196 περὶ
586 4123 630 4190 τῆς
649 4119 706 4176 καθ’
725 4119 785 4176 ὅλου
800 4120 931 4191 ζητήσεως
978 4119 1144 4194 significavit
1158 4121 1216 4188 xl,
1235 4138 1264 4192 p.
1288 4125 1340 4192 ιρι
1360 4127 1440 4184 extr„
1460 4116 1633 4171 Posidonum
1652 4118 1756 4170 erroris

148 4207 365 4280 ἀντιταξάμενος,
392 4233 403 4256 e«
427 4202 591 4263 Posidonius
613 4211 695 4263 etiam
716 4207 931 4282 disputationem
978 4225 1096 4280 arguens
1107 4207 1136 4260 in
1146 4205 1304 4261 definienda
1317 4205 1410 4259 isthmi
1421 4203 1568 4259 latitudine
1578 4203 1625 4275 qui
1636 4212 1677 4256 est
1687 4203 1753 4256 Col-

153 4319 164 4341 ι
183 4315 244 4350 eain
258 4297 385 4350 enotavit
396 4315 480 4369 quam
496 4297 630 4369 Pompeio
643 4295 790 4366 audiente,
801 4297 932 4352 adversus
979 4293 1088 4348 ebidem
1107 4295 1180 4348 inter
1198 4303 1226 4348 et
1245 4293 1379 4350 Paludem
1391 4291 1524 4347 Maeotin:
1540 4285 1694 4356 καὶταῦτα,
1710 4289 1753 4342 in-

152 4408 164 4428 ·
185 4385 390 4456 llerrnagoram
404 4384 547 4438 rhetorem
560 4383 658 4438 habuit
668 4383 703 4438 de
717 4385 841 4456 generali
855 4402 932 4456 que-
978 4383 1053 4456 quit‚
1072 4379 1145 4457 piis<
1160 4371 1294 4457 Πομπηΐῳ
1310 4373 1437 4454 γιγονὼς,
1456 4378 1493 4453 τῷ
1511 4371 1696 4452 στρατεύσαντι
1711 4373 1753 4429 ἔτι

149 4469 470 4540 stionc.nl)equoloco
482 4471 695 4543 insequentibus
704 4471 785 4542 plura
797 4469 930 4527 dicemus.
976 4464 1035 4530 τοὺς
1059 4464 1168 4544 Ὶῧηρας
1194 4465 1239 4521 και
1254 4463 1393 4528 Ἀλὸιιναὶις
1420 4461 1498 4540 μέχρι
1518 4466 1565 4530 τῆς
1581 4461 1621 4539 ἐρ’
1642 4457 1752 4535 ἑκάτερα

150 4555 233 4609 Nune
243 4553 489 4628 quidemsuificiat
501 4575 616 4611 monere
629 4555 664 4610 de
677 4573 773 4610 errore
783 4557 829 4610 Jo.
843 4555 929 4610 Jonsii
978 4550 1117 4626 θαλάττης,
1128 4557 1173 4623 τῆς
1181 4575 1208 4610 τι
1220 4549 1343 4616 Κασπίας
1352 4549 1397 4607 και
1406 4553 1452 4619 τῆς
1465 4549 1607 4625 Κολχικῆς·
1623 4549 1754 4603 Ctltfflm

151 4638 274 4714 [Script.
300 4642 371 4700 llist.
396 4643 467 4698 Phil.
486 4643 528 4712 11,
557 4643 786 4718 16)‚quihanc
810 4641 931 4717 disputa·
976 4641 1035 4697 haec
1056 4643 1151 4697 omnia
1169 4661 1204 4697 eo
1227 4642 1390 4710 valuerunt,
1410 4649 1442 4692 ut
1462 4637 1588 4710 Pompeii
1606 4653 1650 4689 res
1667 4645 1755 4708 gestas

150 4727 259 4780 tionem
285 4746 350 4780 eum
374 4729 431 4783 alio
454 4728 512 4800 ejus
533 4747 662 4784 sermone
682 4728 840 4785 contundit.
862 4729 931 4784 Nam
977 4731 1112 4804 peculiari
1124 4730 1265 4784 volumine
1274 4728 1425 4800 explicaret
1435 4723 1544 4802 [Strabo
1555 4741 1583 4796 p.
1596 4727 1651 4796 ιρι
1664 4719 1753 4790 init),

152 4831 243 4884 quum
256 4815 390 4886 preclara
405 4825 433 4869 et
443 4815 472 4868 in
483 4817 580 4888 primis
590 4815 702 4869 illustris
714 4826 782 4870 esset
791 4817 850 4870 haee
859 4817 931 4870 Stoi·
978 4817 1204 4873 doctissimorum
1217 4818 1344 4870 virorum
1355 4813 1498 4886 exemplo,
1513 4813 1562 4885 qui
1574 4809 1618 4866 vel
1630 4809 1752 4864 mirltiia·

152 4917 252 4954 rorum
275 4901 422 4969 sententia,
440 4920 498 4956 non
517 4918 574 4956 esse
592 4903 697 4955 malum
709 4902 856 4974 dolorem,
873 4912 931 4957 tum
977 4905 1046 4960 riam
1058 4903 1224 4970 doctrinam,
1234 4902 1481 4976 cognitionemque
1490 4899 1664 4974 singuloium
1675 4895 1754 4950 indo·

153 4988 214 5040 sine
232 4985 322 5040 dubio
336 4989 456 5042 rnaxirue
476 4987 628 5044 laudabiles
638 4999 701 5044 sunt
717 4990 734 5042 ii
748 4991 796 5062 (ini
809 4989 926 5044 eandem
978 4991 1011 5045 lis
1022 4991 1206 5064 ροριιιοιιιιιι,
1216 4989 1374 5058 ιιοιιιίιιιιιιι,
1386 4999 1445 5050 tum
1454 4987 1601 5062 regionum
1614 4986 1749 5057 ipsarum,

154 5075 314 5128 neusciam
330 5075 488 5130 ‹lissereudo
504 5093 535 5131 ae
555 5076 732 5145 deliniendo,
757 5077 806 5132 sed
821 5077 931 5132 sortitu·
978 5079 1076 5131 illustri
1091 5077 1212 5130 tristeris
1227 5086 1392 5149 argtrumntn
1408 5075 1595 5142 illustrarunt,
1610 5071 1651 5125 vel
1671 5069 1754 5142 ipsius
