3974 5732
810 331 1057 392 FRAGMENTA.
1686 340 1739 392 ist

135 461 216 540 ιίρας
230 464 277 533 τῆς
292 461 438 544 φάλαγγος,
452 459 511 528 τοὺς
525 459 547 519 δ’
561 461 604 520 ist
617 461 647 520 rb
661 461 751 534 δεξιὸν,
763 465 789 520 έν
803 455 841 529 οἷς
854 453 919 521 εἶναι
965 463 1053 534 ήθειαν
1068 467 1113 534 τῆς
1133 469 1185 523 τῶν
1206 461 1301 544 θηρίων
1319 462 1472 542 φαντασίας.
1498 461 1566 521 Ἀλλ’
1586 465 1609 522 οἱ
1629 461 1677 540 μέν
1700 463 1744 520 ἰπί
1796 521 1802 532 ,

134 549 180 608 καί
194 547 242 620 τήν
255 548 439 629 κατάφρακτον
451 546 543 618 ἱππον,
556 539 587 618 ής
600 551 688 624 ἡγεῖτο
701 548 788 620 πάσης
799 555 813 609 ὁ
827 551 919 608 νεώτε-
965 555 1011 608 τοῦ
1023 549 1104 618 δεξιοῦ
1114 549 1252 630 ταχθέντες
1263 548 1373 628 stuppis
1386 549 1502 628 ἀκέραιοι
1513 548 1640 625 διέμενον,
1651 554 1685 616 ὡς
1698 553 1743 608 αύ-

135 658 179 714 ρος
193 635 323 714 ’λντίοχος
343 638 395 694 τῶν
415 637 489 695 υἱῶν.
511 633 589 696 Μετὰ
611 635 638 694 δέ
657 640 757 708 ταῦτα,
779 638 862 718 φησί,
886 636 924 696 τὰ·
963 637 1172 718 recesserim
1184 635 1275 696 λοιπὸν
1289 638 1386 707 πλῆθος
1395 640 1446 694 τῶν
1458 635 1569 708 ἱππέων,
1581 635 1611 696 τδ
1623 635 1743 714 μερισθίν

134 723 214 802 θηρία
228 721 359 802 προτάξαι
370 724 417 792 τῆς
430 721 563 803 φάλαγγος
574 723 601 780 ἰν
615 722 791 800 διαστήματι,
804 724 849 782 καί
860 724 919 791 τοὺς
963 725 1007 782 tsi
1018 724 1048 784 τὸ
1061 724 1147 800 λαιὰν,
1162 722 1300 804 ὑποφεύγει
1314 733 1367 781 πᾶν
1382 723 1435 782 ὑπὸ
1452 728 1503 781 τῶν
1516 724 1576 802 περὶ
1587 725 1631 784 τδν
1647 723 1742 784 Ἀντίο-

134 814 196 885 μετ*
205 809 374 890 Ἀντιπάτρου
382 808 566 889 Ταραντίνους,
578 809 612 867 τὰ
619 809 646 867 δί
657 809 753 886 μεταξὺ
761 815 812 869 τῶν
823 811 918 891 θηρίων
962 835 1011 892 χον
1022 813 1177 889 ἡττημένον.
1197 815 1276 872 Ποῖον
1289 802 1333 869 οὖν
1355 812 1432 891 μέρος
1446 815 1497 870 τῶν
1511 812 1613 870 ἱππέων
1626 803 1657 882 ἦν
1673 814 1741 870 κατὰ

134 897 278 971 πληρῶσαι
300 904 354 962 τοῖς
373 893 488 962 τοξόταις
510 895 555 956 καί
576 897 775 971 σφενδονήταις,
796 898 871 957 αὐτὸν
890 897 918 957 δί
963 889 1048 974 μέσην
1058 897 1106 969 τὴν
1120 898 1244 979 φάλαγγα
1255 897 1285 956 τὰ
1294 895 1353 964 rob<
1364 896 1507 976 ἐλέφαντας
1518 898 1742 974 ἰκπληττόμενονς

133 981 204 1058 μετὰ
214 985 262 1054 τῆς
270 985 401 1062 ἑταιρικῆς
411 979 493 1042 ἱππου
505 982 550 1041 καί
564 987 615 1042 τῶν
626 986 797 1042 ὑπασπιστῶν
808 985 917 1042 κατόπιν
963 989 1013 1062 πρῦ
1028 983 1055 1044 δέ
1067 987 1081 1043 θ
1096 984 1218 1064 βασιλεὺς
1230 986 1333 1062 γέγονας
1347 983 1392 1042 καί
1403 984 1460 1041 τίνα
1474 984 1640 1062 παρέσχηται
1649 984 1739 1063 χρείαν

133 1073 275 1140 ἐπιστῆναι
286 1077 340 1136 τοῖς
350 1069 457 1150 θηρίοις.
474 1073 568 1130 Ταῦτα
581 1069 609 1130 δέ
621 1069 795 1148 ὑποθέμενος,
810 1069 855 1130 τδν
869 1072 917 1148 μέν
962 1076 1035 1149 έντῇ
1050 1071 1141 1152 μάχῃ,
1156 1072 1186 1131 τό
1197 1072 1335 1130 κάλλιστον
1355 1071 1478 1146 σύστημα
1490 1071 1552 1150 περὶ
1567 1071 1644 1130 αὐτὸν
1657 1074 1740 1149 ἰοχη-

132 1157 261 1237 νεώτερον
280 1157 422 1236 Ἀντίοχον,
437 1157 525 1238 φησίν,
539 1157 567 1218 δν
581 1161 608 1217 έν
630 1159 684 1226 τοῖς
698 1158 828 1226 ἐπιπέδοις
841 1159 917 1232 ἰθηκε
962 1158 1016 1228 κὼς
1026 1161 1072 1220 καί
1082 1165 1135 1218 τῶν
1153 1163 1238 1228 πεζῶν
1251 1159 1297 1218 καί
1308 1163 1359 1217 τῶν
1370 1157 1487 1228 ἱππίους
1505 1158 1595 1224 ἁπλῶς
1605 1157 1656 1237 γὰρ
1670 1157 1745 1217 οὐδὲν

132 1245 205 1302 κατὰ
216 1245 248 1304 τδ
261 1245 335 1304 λαιὸν
343 1249 395 1304 τῶν
407 1247 550 1324 πολεμίων,
567 1247 661 1326 έχοντα
673 1244 721 1318 τήν
732 1247 919 1327 κατάφρακτον
962 1248 1063 1327 εἴρηται
1085 1248 1147 1328 περί
1170 1247 1279 1306 τούτων.
1315 1251 1370 1307 llos
1397 1245 1425 1304 it
1449 1250 1464 1303 δ
1488 1245 1665 1322 πρεοόύτιρυς
1691 1249 1744 1304 τῶν

133 1335 230 1406 ἵππον,
243 1333 918 1416 τοῦτονέκτῆςόρεινῆςίπενεχθέντατρίψασθαιτοθς
962 1337 1026 1394 υἱῶν
1048 1334 1194 1414 Ἀντίοχος,
1215 1338 1230 1392 θ
1250 1331 1318 1411 μετὰ
1340 1335 1434 1414 μέρους
1455 1333 1522 1400 τινὰς
1541 1339 1588 1402 τῆς
1609 1335 1744 1408 δυνάμεως

131 1420 232 1486 ἱππέας
243 1419 302 1488 rob<
310 1419 425 1501 περίτδν
438 1423 604 1500 Πςολεμαῗον
615 1423 659 1482 τδν
669 1423 855 1504 Ἀερόπου,καί
868 1447 918 1482 κα·
962 1421 1225 1501 πρυκαταλαόόμενος
1250 1419 1310 1488 τοὺς
1336 1419 1499 1498 ὑπερδεξίους
1518 1420 1630 1496 τόπους;
1657 1412 1746 1487 Obsce

131 1506 320 1586 ταδιῶκειν,δς
334 1509 523 1588 ἰτύγχανετοίς
534 1512 663 1577 Αἰτωλοῖς
676 1512 875 1590 ἐπιτεταγμένος
890 1515 916 1570 έν
964 1510 1012 1586 μὰν
1034 1509 1086 1589 γὰρ
1106 1509 1164 1568 οὐδὲ
1187 1512 1222 1576 εἰς
1242 1508 1291 1580 τήν
1313 1508 1516 1587 στρατοπεδείαν
1538 1507 1739 1586 ἀνακεχάιρηκεν

133 1604 186 1662 τοῖς
196 1595 326 1663 ἐπιπέδοις
336 1595 379 1654 ἰπὶ
388 1601 439 1654 τῶν
450 1596 600 1675 εὖωνύμων·
611 1597 657 1664 τὰς
666 1597 691 1655 δέ
700 1597 847 1676 φάλαγγας,
860 1599 915 1658 έπεί
963 1599 1033 1676 αὐτῷ
1046 1595 1113 1673 μετὰ
1129 1597 1177 1666 τήν
1198 1596 1299 1675 μάχην.
1324 1593 1453 1661 Πίκότως·
1475 1593 1520 1652 δύο
1534 1593 1584 1672 γὰρ
1601 1593 1745 1671 Ἀντιόχους

136 1681 282 1740 ουνέόαλον
297 1682 437 1762 ἀλλήλαις,
459 1684 549 1764 μάχην
570 1693 652 1744 ποιεῖν
667 1685 789 1766 ἰσχυράν.
809 1683 875 1746 Ὀτι
889 1687 916 1745 δέ
962 1684 1069 1742 ὑπέθετο
1082 1689 1128 1742 τοῦ
1148 1683 1274 1762 βασιλέως
1292 1681 1374 1756 υἱοδς,
1386 1681 1456 1748 όντος
1470 1681 1525 1746 ἱνὸς
1539 1685 1583 1739 τοῦ
1603 1680 1661 1740 τότε
1681 1703 1745 1739 συν-

132 1769 281 1846 συμόαλεῑν
300 1769 425 1830 ἀδύνατον
439 1763 481 1843 ήν,
497 1759 549 1830 τῶν
568 1773 664 1852 θηρίων
684 1773 729 1832 καί
746 1777 796 1832 τῶν
815 1772 916 1833 ἱππέων
962 1770 1176 1849 εστρατευμένου.
1206 1773 1267 1837 Πῶς
1292 1770 1321 1829 δέ
1346 1774 1360 1828 ὁ
1385 1770 1491 1835 Σκόπας
1521 1767 1576 1845 δμα
1601 1767 1649 1844 μέν
1673 1771 1744 1849 αὐτῷ

132 1857 178 1914 καί
190 1862 243 1916 τῶν
252 1855 370 1926 εὐζώνων
379 1859 606 1938 προτεταγμένων,
619 1865 695 1920 τοῦτο
708 1861 795 1919 ούκέτι
809 1869 913 1940 συνορᾷ.
961 1861 1077 1936 πρῶτος,
1090 1858 1147 1934 ἅμα
1168 1858 1191 1915 δ’
1202 1857 1313 1936 ἔσχατος
1328 1857 1486 1914 οἰναλέλυκεν
1503 1858 1532 1912 ta
1548 1860 1593 1914 τοῦ
1608 1855 1743 1926 κινδύνους

173 1945 251 2006 XIX·
272 1944 349 2006 illari
366 1943 393 2003 δέ
413 1951 511 2018 ταῦτα,
530 1947 612 2028 φησὶ,
636 1946 915 2028 καταπροτερουμένην
962 1945 1037 2017 Φησὶ
1051 1945 1103 2025 γὰρ
1123 1945 1200 2004 αὐτὸν
1221 1945 1308 2004 ἰδόντα
1323 1943 1383 2011 τοὺς
1400 1943 1461 2024 περί
1482 1941 1527 2002 τόν
1549 1942 1672 2021 νεώτερον
1688 1943 1744 2003 ’Au-

132 2033 182 2103 τήν
198 2033 323 2114 φάλαγγα
344 2041 401 2100 ταῖς
413 2033 555 2113 εύχερείαις
566 2035 611 2094 καί
631 2035 787 2109 πιεζομένην
800 2035 850 2094 ὑπὸ
864 2039 915 2094 τῶν
961 2031 1049 2110 τὶοχον
1061 2036 1091 2091 έκ
1109 2037 1155 2091 τοῦ
1172 2031 1320 2108 διώγματυς
1341 2029 1554 2110 ἐπιφαινομένους
1573 2029 1642 2098 κατὰ
1661 2027 1742 2088 νεύτου

134 2123 273 2197 Αἰτωλῶν,
297 2122 445 2201 ἀναχωρεῖν
461 2121 506 2180 ἰπὶ
526 2123 611 2182 πόδα·
632 2122 666 2182 τὰ
686 2123 714 2182 δὲ
738 2123 831 2203 θηρία,
856 2121 915 2190 rob<
961 2120 1013 2186 τοῖς
1025 2119 1210 2200 φαλαγγίταις,
1222 2118 1267 2176 καὶ
1281 2117 1324 2176 διὰ
1338 2123 1413 2177 τοῦτο
1428 2116 1474 2183 τὰς
1487 2123 1533 2174 τοῦ
1548 2125 1621 2174 νικᾶν
1634 2116 1741 2181 ἐλπίδας

132 2207 298 2282 ἐγκλίνοντας
312 2208 487 2286 ἐκδεχόμενα,
503 2209 547 2268 καί
568 2209 751 2284 συμπίπτοντα
767 2219 820 2277 τοῖς
838 2212 915 2269 πολε·
962 2207 1122 2286 άπογνόντρι,
1137 2207 1266 2266 ποιεῖσθαι
1278 2204 1325 2276 τήν
1338 2205 1521 2284 ἀποχώρησιν·
1534 2191 1602 2279 μδτὰ
1617 2203 1643 2262 δὲ
1658 2209 1741 2262 ταῦτα

132 2295 220 2372 μίοις,
237 2293 355 2370 μεγάλην
369 2293 531 2375 παρέχεσθαι
542 2297 646 2376 χρείαν.
659 2300 721 2364 Πῶς
731 2297 758 2356 δέ
774 2301 857 2356 ταῦτα
871 2296 913 2374 γέ·
961 2299 1088 2364 συστῆναι
1103 2293 1147 2352 τδν
1168 2294 1292 2371 μέγιστον
1304 2292 1429 2364 κίνδυνον,
1442 2290 1616 2360 κυκλωθείσης
1627 2293 1673 2360 τῆς
1690 2293 1743 2368 φά-

132 2403 207 2456 γονεν
228 2379 314 2438 ὀπίσω
327 2385 372 2452 τῆς
386 2381 533 2462 φάλαγγος,
552 2385 579 2442 οὐ
601 2383 686 2465 ῥᾴδιον
711 2388 884 2461 καταμαθεῖν,
898 2382 915 2454 ιλ
961 2381 1057 2459 λαγγος
1071 2382 1122 2440 ύπό
1132 2404 1161 2440 τε
1175 2385 1226 2439 τῶν
1244 2380 1338 2460 θηρίων
1353 2379 1398 2438 καί
1410 2383 1462 2437 τῶν
1474 2377 1587 2452 ἱππέων,
1602 2377 1648 2434 καὶ
1660 2380 1744 2435 τελευ-

133 2471 206 2538 πῶς,
220 2467 363 2544 γενόμενα,
380 2469 521 2548 παρείχετο
534 2470 626 2551 χρείαν
641 2471 769 2550 μεγάλην.
787 2472 853 2532 Ὅτε
864 2470 916 2552 γὰρ
961 2471 1033 2528 ταῖον
1046 2475 1220 2548 ἀποχωρῆσαι
1230 2467 1273 2528 τδν
1289 2468 1398 2530 Σκόπαν
1410 2467 1462 2526 ἀπὸ
1475 2472 1520 2524 τοῦ
1532 2463 1661 2528 κινδύνου.
1702 2491 1705 2498 ·

134 2553 205 2620 άπαξ
220 2555 248 2610 αἱ
260 2555 390 2633 φάλαγγες
403 2555 543 2614 συνέπεσον
558 2556 696 2629 ἀλλήλαις,
710 2557 794 2615 οθκέτι
807 2557 915 2616 δυνατὸν
1003 2559 1066 2628 XX.
1088 2559 1180 2616 Ταῦτα
1198 2555 1227 2614 δέ
1239 2577 1283 2631 μοι
1298 2557 1384 2630 δοκεῖ,
1408 2553 1452 2612 καὶ
1467 2541 1624 2610 καθόλυάτδι
1636 2557 1744 2612 τοιαῦτα

133 2631 178 2715 ἦν,
193 2647 281 2720 κρῖναι
300 2639 334 2698 τὰ
348 2641 440 2720 θηρία,
463 2641 501 2709 τίς
518 2645 569 2700 τῶν
586 2643 783 2702 ὑποπιπτόντων
803 2643 884 2722 φίλιος
897 2641 914 2714 ἢ
960 2647 1013 2701 τῶν
1028 2645 1213 2722 άλογημάτων,
1226 2642 1326 2712 πολλὴν
1338 2641 1467 2720 ἐπιφέρειν
1478 2640 1605 2718 αἰσχύνην
1616 2639 1668 2704 τοῖς
1680 2661 1743 2714 συγ1

133 2725 259 2804 πολέμιός
280 2731 346 2790 ε’στι.
366 2727 437 2808 Πρδς
454 2727 481 2788 δέ
495 2727 594 2798 τούτοις
613 2730 693 2810 φησί,
710 2730 768 2797 τοὺς
788 2733 915 2792 Αἰτωλῶν
961 2737 1100 2811 γραφεῦσι.
1114 2731 1161 2790 Διδ
1173 2732 1212 2788 δεῖ
1221 2729 1337 2804 μάλιστα
1348 2728 1394 2804 μὲν
1404 2732 1544 2806 πειρᾶσθαι
1555 2726 1660 2784 πάντων
1675 2749 1740 2804 κρα-

131 2815 530 2896 ἱππέαςδυσχρηστεῖοθαικατὰ
543 2818 587 2876 τὸν
598 2818 714 2876 κίνδυνον
727 2817 769 2877 διὰ
781 2817 916 2889 τήνοίσυν·
963 2823 1017 2876 τεῐν
1028 2823 1080 2876 τῶν
1092 2817 1258 2898 τῆςὶστορίας
1268 2819 1362 2896 μερῶν·
1375 2815 1454 2873 καλὸν
1465 2814 1524 2893 γάρ·
1541 2818 1563 2871 εἰ
1574 2811 1603 2871 δέ
1617 2813 1654 2890 μὴ
1666 2819 1745 2872 τοῦτο

132 2995 182 3030 rino
190 2947 277 3031 ordine
285 2982 371 3032 medie
380 2983 483 3032 hostium
493 2984 553 3032 aciei
562 2983 701 3046 opposuisse
709 3001 716 3044 ;
725 2984 845 3045 equitatus
857 2995 916 3032 vero
960 2983 1068 3043 amicus,
1080 2985 1134 3032 uter
1143 2983 1218 3034 hostis
1228 2983 1297 3030 esset.
1311 2982 1442 3038 Praeterea,
1454 2979 1604 3040 equitatum,
1616 2978 1664 3040 ait,
1676 2977 1743 3026 AEtc·

131 3059 227 3120 μετίοιεν
238 3057 270 3107 ad
285 3057 543 3123 sinistrumphalangis
554 3074 629 3110 cornu
646 3061 810 3121 constituisse,
822 3062 914 3121 partem
962 3061 1161 3112 ioruminusitata
1169 3061 1305 3112 belluarum
1313 3057 1391 3122 specie
1400 3057 1462 3112 inter
1470 3056 1623 3120 pugnandum
1634 3056 1743 3105 territum

130 3136 162 3184 ad
177 3126 306 3195 dextrum,
323 3135 347 3184 in
363 3149 412 3198 quo
424 3139 449 3187 ct
457 3137 606 3200 cataphracti
623 3141 692 3187 erant
703 3136 809 3199 equites,
828 3137 917 3198 quibus
961 3151 1020 3188 esse.
1038 3139 1110 3200 Atqui
1121 3137 1240 3191 indestro
1257 3137 1330 3186 locati
1341 3149 1415 3189 cornu
1426 3135 1518 3196 equites
1530 3134 1662 3182 incolumes
1670 3134 1744 3194 atque

131 3209 281 3272 Antiochus,
291 3209 395 3260 tiliorum
407 3212 497 3272 junior,
507 3217 558 3262 erat
572 3214 705 3276 protectus.
720 3211 811 3262 Deinde
824 3213 916 3274 subdit,
963 3216 1047 3278 integri
1060 3217 1199 3282 perstitere,
1213 3218 1240 3263 ut
1253 3213 1315 3263 idern
1328 3214 1399 3262 relect
1413 3233 1419 3261 ι
1433 3211 1505 3260 ceteri
1518 3224 1588 3272 vero,
1606 3210 1631 3260 in
1648 3209 1743 3260 sinistro

130 3287 275 3350 elephantos
290 3293 346 3339 aute
355 3289 431 3352 ipsam
441 3291 583 3353 phalangem
596 3291 620 3340 in
636 3292 714 3354 prima
729 3291 780 3340 acie
791 3291 863 3344 certis
879 3291 916 3340 in·
963 3307 1038 3342 cornu
1051 3293 1185 3354 distributi,
1195 3293 1227 3343 ab
1237 3293 1332 3354 juniore
1347 3291 1464 3341 Antiocho
1479 3290 1598 3352 superati,
1612 3294 1677 3350 terga
1687 3303 1743 3338 uer·

131 3365 241 3415 terrulis
251 3365 375 3416 ordinatos
385 3368 457 3417 luisse
466 3381 522 3418 cum
538 3369 661 3430 equitibus
670 3369 822 3429 Tarentinis,
831 3368 918 3430 quibus
963 3373 1053 3420 lerunt.
1067 3372 1173 3429 Quinam
1185 3371 1323 3432 igitnrsunt
1335 3369 1426 3432 equites
1436 3369 1482 3428 illi,
1496 3369 1520 3418 in
1537 3367 1615 3416 media
1627 3367 1743 3429 phalange

131 3443 236 3504 praerat
251 3443 392 3505 Antipater;
404 3444 531 3494 intervalla
550 3448 632 3494 autern
645 3445 779 3494 belluarum
791 3445 919 3505 sagittariis
962 3449 1048 3510 posili,
1061 3449 1103 3511 qui
1113 3449 1248 3497 belluarum
1259 3451 1356 3509 aspectu
1368 3447 1558 3494 cohorruerunt?
1571 3445 1669 3493 ubinam
1686 3459 1743 3494 raro

131 3533 162 3568 ac
172 3518 336 3568 lunditoribua
344 3521 490 3570 Antiochum
499 3511 669 3584 οοιιιόίανίεεσς
680 3523 774 3584 ipsum,
784 3534 841 3570 cum
853 3521 917 3570 Ami·
961 3539 1004 3574 rex
1016 3527 1066 3587 ipse
1073 3526 1165 3576 adluit?
1175 3530 1199 3574 ct
1209 3537 1282 3587 quern
1291 3525 1328 3572 sui
1338 3537 1408 3571 usum
1420 3523 1444 3571 in
1454 3535 1533 3584 pugna
1541 3521 1657 3584 praebuit,
1665 3535 1743 3583 quum

131 3609 218 3646 corum
243 3597 281 3646 ala
299 3599 326 3646 ei
342 3599 449 3660 corporis
465 3599 619 3660 custodibus,
635 3602 689 3661 post
707 3599 799 3648 belluas
815 3599 915 3647 stetisse.
961 3603 1114 3652 lectissimum
1125 3605 1149 3652 et
1159 3603 1265 3665 pediturn
1276 3601 1418 3662 eloquitum
1428 3613 1512 3660 agmen
1522 3601 1585 3648 circa
1595 3599 1743 3648 rehaberet?-

132 3679 212 3736 Atquc
223 3673 260 3722 bis
269 3674 303 3722 ita
314 3675 457 3736 promissis,
469 3689 527 3724 mox
537 3676 659 3739 iuniorem
671 3677 832 3736 Antiochum,
845 3689 917 3737 quern
961 3681 1113 3740 nequeenim
1125 3679 1156 3728 de
1172 3680 1209 3728 his
1219 3677 1353 3740 quidquam
1369 3677 1469 3728 omniuo
1483 3676 1549 3726 dicit.
1569 3675 1672 3724 Ubinam
1685 3689 1744 3730 reru
1810 3677 1812 3683 '

132 3753 157 3798 in
178 3751 309 3812 planities
328 3752 421 3812 repone
436 3751 525 3802 sinistri
544 3753 648 3802 hostiurn
665 3767 747 3810 cornu¹
758 3753 918 3814 cataphractis
959 3755 1317 3818 gentiurnestmajortitlorurn,
1329 3753 1471 3816 Antiochus,
1482 3754 1589 3815 quicum
1599 3753 1742 3814 partecxer·
1761 3765 1765 3776 ¹

132 3827 257 3888 equitibus
272 3829 414 3889 praeieclum
441 3833 566 3891 posuerat,
585 3829 704 3892 eundem,
723 3830 772 3891 ait,
791 3830 871 3879 subito
887 3843 917 3878 cr
961 3833 1024 3880 citus
1037 3831 1173 3894 praemissus
1189 3833 1312 3894 superiora
1325 3833 1377 3880 loca
1393 3830 1624 3894 occupaveraliliic
1637 3830 1700 3877 enirn
1713 3843 1743 3878 ne
1844 3875 1848 3879 .

132 3905 237 3953 cultibus
248 3907 373 3965 coenum,
385 3906 495 3968 equites,
506 3907 595 3968 quihus
605 3907 751 3956 l‘tolcmmus
760 3907 845 3972 Acropi
856 3905 918 3954 filins
960 3911 1069 3958 conlecto
1080 3909 1178 3972 quidem
1191 3909 1275 3972 proelio
1287 3907 1311 3958 in
1322 3909 1399 3957 castra
1410 3919 1517 3956 reuersus
1527 3906 1558 3952 nh
1572 3905 1612 3954 illo
1626 3919 1742 3954 memora-

132 3983 251 4042 praemi,
266 3981 290 4030 iu
300 3981 380 4044 lugam
390 3981 504 4043 uertisse,
515 3996 543 4032 ac
559 3981 600 4032 diu
622 3985 775 4045 persecutum
791 3995 857 4044 essc3
875 3981 917 4044 qui
961 3989 1007 4034 tur.
1024 3989 1102 4048 Atque
1120 3985 1143 4035 ld
1160 3985 1246 4035 merito
1263 4005 1269 4035 ε
1289 3985 1351 4034 duros
1366 3984 1431 4032 enirn
1450 3983 1560 4032 Antiochi
1572 3981 1633 4032 tilios
1648 3983 1741 4045 posuit,

131 4059 232 4123 quidem
242 4061 387 4110 Ptclemaeus
396 4062 487 4111 dilutos
496 4062 521 4110 iu
530 4061 628 4124 planitie
637 4061 667 4110 ad
677 4062 764 4112 trevam
773 4061 862 4122 positos
870 4059 917 4108 du·
960 4077 1036 4125 quum
1048 4079 1096 4114 non
1107 4065 1151 4116 nisi
1163 4077 1226 4113 unus
1236 4065 1294 4112 irinc
1304 4063 1334 4112 ad
1344 4063 1433 4112 bellum
1445 4075 1501 4112 curn
1514 4063 1581 4124 patre
1591 4065 1652 4110 esset
1662 4063 1743 4123 proie-
1799 4101 1801 4106 ,

132 4137 203 4184 ΝΜ
214 4155 221 4186 ²
231 4137 297 4198 itm
310 4139 393 4186 illum
408 4138 551 4200 Philam,
566 4141 694 4199 postquam
709 4149 841 4197 congressa
854 4136 917 4184 inti·
960 4145 1022 4190 ctus.
1037 4143 1146 4204 lienique
1163 4155 1270 4204 quonam
1286 4142 1356 4203 pacto
1372 4143 1474 4201 Scopas,
1486 4139 1551 4201 upud
1567 4139 1741 4199 lruncscripto·

133 4227 186 4262 cnn
195 4215 267 4273 scrut,
278 4226 333 4262 acre
343 4214 455 4276 proeiium
472 4215 564 4264 iecisse.
581 4214 656 4275 Atqui
670 4225 718 4262 uon
734 4213 917 4276 animadvertit,
961 4233 1027 4279 cern,
1049 4219 1140 4281 primus
1160 4218 1232 4268 simul
1254 4231 1284 4266 ac
1304 4219 1439 4278 postrenus
1459 4229 1490 4266 er
1514 4229 1593 4278 pugna
1619 4215 1742 4266 decessit?

133 4303 233 4351 prorem
244 4289 294 4337 lieri
307 4304 356 4340 non
366 4292 484 4353 potuisse,
494 4292 572 4353 ut,in
582 4293 659 4354 prima
671 4291 722 4342 acic
733 4292 918 4342 consistentibus
961 4297 1056 4346 Etenim
1070 4300 1170 4357 Scopam
1180 4294 1272 4356 scribit,
1287 4307 1363 4356 quum
1372 4294 1492 4356 juniorem
1501 4292 1678 4350 Antiochum,a
1688 4307 1740 4354 per·

133 4367 269 4429 elephantis
283 4369 308 4416 et
320 4367 444 4430 equitibus
454 4369 551 4432 levique
565 4375 699 4428 armatura,
718 4369 845 4432 phalanges
855 4371 919 4419 iuter
960 4373 1083 4434 sequendo
1094 4386 1218 4422 rercrsurn
1228 4385 1261 4434 ,a
1278 4374 1346 4433 tergo
1357 4371 1500 4434 phalangitis
1513 4371 1601 4418 insmrc
1617 4374 1740 4432 cerneret,

133 4459 159 4492 se
171 4443 380 4505 congrederentur.
961 4453 1013 4498 lum
1030 4449 1164 4512 penitnsde
1174 4449 1275 4498 victoria
1290 4448 1456 4511 desperantem
1470 4460 1496 4496 sc
1510 4447 1624 4507 recepisse
1638 4466 1644 4496 r
1659 4451 1742 4507 postca

165 4524 231 4570 ltlx.
246 4521 331 4570 Postea
348 4521 459 4584 subjicit,
476 4523 635 4574 llacedoaum
652 4523 806 4586 phalangem,
818 4523 916 4586 agilitati
963 4540 1019 4576 vero
1034 4528 1169 4596 marimum
1187 4528 1211 4577 in
1223 4526 1350 4576 discrimen
1360 4526 1488 4575 adductam
1509 4535 1559 4572 rem
1571 4535 1630 4578 csse,
1649 4524 1741 4576 inclusa
1809 4523 1825 4544 '

133 4599 260 4647 cedentem
272 4598 465 4650 incumbentium
477 4601 627 4662 AEtolorum,
643 4599 703 4663 pede
720 4613 800 4663 presso
816 4613 842 4650 se
853 4615 917 4652 rece·
961 4605 1017 4653 irinc
1028 4605 1206 4667 ebelephantis,
1217 4603 1440 4665 iudaahequitibus
1450 4601 1579 4670 plralange5
1590 4605 1741 4662 scopnrnquc
1780 4603 1783 4608 '

134 4677 210 4737 pisum
219 4675 439 4740 eleplrautosrero,
448 4691 525 4742 quum
537 4680 648 4730 cedentes
657 4680 799 4742 reciperent,
809 4681 882 4742 atque
893 4679 916 4728 in
960 4684 1108 4745 postremum
1119 4683 1256 4731 cessissem
1267 4679 1414 4730 discrimine.
1640 4671 1642 4678 ’

134 4755 228 4801 ironam
248 4753 375 4814 tenarius,
397 4768 483 4818 magno
500 4757 640 4818 adjumento
658 4757 739 4805 tuisse.
755 4759 809 4813 Qua
826 4755 917 4804 rationu
991 4763 1044 4811 llll.
1066 4763 1124 4810 limo
1141 4773 1199 4810 vero
1214 4759 1396 4821 ammonens
1416 4753 1552 4815 liujusmodi
1563 4759 1641 4806 erratu
1653 4768 1740 4814 ruagno

133 4835 216 4881 antem
228 4831 348 4892 eieplnnti
360 4845 374 4882 a
384 4837 451 4896 tergo
462 4834 586 4898 phalangis
598 4835 699 4895 luerint,
711 4837 771 4895 aut,
785 4834 804 4882 si
818 4834 850 4883 ibi
864 4835 915 4882 lire·
943 4883 949 4892 ,
961 4838 1046 4900 pudori
1055 4837 1210 4899 scriptoribus
1218 4850 1269 4884 eesc
1282 4835 1402 4884 existimo.
1413 4831 1515 4883 Probrde
1527 4831 1632 4881 nmxinre
1643 4831 1741 4893 quidem

135 4912 199 4966 rnnt,
212 4921 263 4970 quo
272 4911 344 4968 pacto
354 4921 468 4973 magnum
477 4911 601 4962 attulerint
611 4911 774 4972 conrmodum,
786 4909 917 4972 intelligere
960 4915 1098 4965 enitendum
1112 4917 1162 4972 cst,
1177 4917 1204 4962 ut
1222 4925 1306 4961 orrrues
1317 4911 1422 4960 histcrim
1441 4913 1559 4972 partesue
1570 4923 1682 4960 numeros
1697 4923 1740 4962 ex·

135 4985 234 5036 ditticiie
244 4989 289 5036 cst.
301 4988 376 5038 simui
386 4987 450 5038 enim
460 4999 487 5038 ac
495 4991 622 5052 phalanges
630 4991 916 5050 interscconcurrcrnnt,
961 4993 1081 5055 pleumus;
1099 4991 1121 5040 id
1140 4991 1204 5040 cuim
1222 4989 1330 5050 inprimis
1346 4987 1466 5039 laridabile
1478 4990 1514 5038 cst
1531 5008 1540 5038 r
1555 4988 1591 5038 siu
1611 5001 1667 5036 rcro
1682 4987 1739 5036 ilhnl

135 5063 271 5114 ‹tiscrrncre
283 5065 370 5115 bellun·
382 5067 484 5130 amplius
502 5081 548 5116 min
562 5071 704 5132 protuerunt,
717 5069 770 5118 rrtsr
782 5067 915 5117 cedentium
962 5069 1075 5133 rnuuqrri
1092 5081 1140 5118 rron
1154 5077 1293 5130 pessumus,
1308 5063 1413 5118 ruasirnc
1425 5065 1450 5116 in
1465 5063 1589 5128 precipuis
1605 5075 1633 5112 ac
1646 5076 1739 5112 summo

1722 5141 1750 5180 Γ
