3910 5728
226 361 261 414 tlt
852 351 886 432 Q'.
909 359 1010 418 iiiiii
1034 358 1210 428 oleronis

221 485 282 547 ’λων
295 487 463 568 συγγραφέων
476 491 499 547 οἱ
512 488 614 554 πλείους
623 487 813 564 ἠκολούθησαν,
827 491 888 568 τῇδε
904 489 1010 570 γράφει·
1057 498 1141 548 στᾶσα
1158 493 1209 548 τῶν
1229 491 1330 570 βρεφῶν
1350 489 1436 570 ἠρέμα
1457 487 1502 550 καί
1525 483 1594 548 κατδ
1615 489 1714 560 πολλὴν
1733 489 1841 567 ἀλογίαν

229 603 242 627 v
254 575 300 642 ‘tie
307 573 621 653 κελεύσαντοςἏμουλίου
630 574 752 656 τδβρέφη
760 575 884 642 λαθόντες
891 579 917 636 ἐν
924 577 1012 656 σκάφῃ
1056 581 1101 635 τοῦ
1113 583 1263 654 ποιμενικοῦ
1274 577 1366 654 ὁμίλου
1377 577 1468 656 ἀπῄει.
1512 577 1565 638 Καί
1578 569 1609 648 ἦν
1623 577 1674 658 γύρ
1683 602 1721 644 τις
1735 579 1764 636 οὑ
1774 575 1842 636 πολὺ

228 661 336 739 κείμενα
348 665 399 721 τῶν
410 666 546 744 ὑπηρετῶν
559 683 624 730 τινες
636 661 725 742 ἔφερον
738 661 910 738 ἐμὺαλοῦντες
922 667 957 729 εἰς
968 665 1012 723 τὸν
1057 664 1163 744 ἀπέχων
1177 663 1243 746 ἱερδς
1256 669 1340 744 χῶρος
1354 665 1404 745 ὑλῃ
1420 659 1511 745 βαθείιρ
1522 663 1684 745 συνηρεφὴς,
1700 663 1745 724 καί
1758 664 1842 745 πέτρα

229 748 347 824 ποταμὸν
362 749 494 828 ἀπέχοντα
507 749 559 808 α’πδ
570 753 617 821 τῆς
629 749 730 815 πολεως
742 749 807 829 ἀμφί
821 749 916 808 ἑκατόν
930 749 1012 810 είκοσι
1056 753 1132 824 κοίλη
1144 752 1230 828 πηγδς
1242 755 1359 812 ἀνιεῖσα·
1372 752 1474 830 ἐλέγετο
1484 752 1512 810 δὲ
1527 751 1615 820 Πανὸς
1629 741 1695 811 εἶναι
1707 753 1737 810 τό
1749 750 1843 824 νέπος,

230 835 360 904 σταδίους.
416 836 491 898 Ἐπεί
507 836 534 895 δέ
548 836 622 914 ἐγγὺς
636 835 752 912 ἐγένοντο
764 835 809 894 καί
823 828 891 895 εἶδον
904 835 952 906 ἐξω
967 843 1011 896 τοῦ
1057 840 1101 897 καί
1117 839 1203 916 βωμὸς
1216 831 1248 911 ἦν
1263 839 1350 898 αὐτόθι
1363 845 1409 898 τοῦ
1421 844 1494 898 θεοῦ·
1507 841 1543 906 είς
1555 843 1631 898 τοῦτο
1644 837 1674 897 τδ
1687 837 1784 918 χωρίον
1799 841 1842 896 ii·

229 924 338 998 γνησίου
349 924 450 1006 ῥεέθρου
462 924 506 982 τδν
515 923 621 1004 Τίύεριν
632 923 683 982 ὑπὸ
693 925 829 1002 χειμώνων
841 929 956 1003 συνεχῶν
969 927 1013 982 ἐκ·
1057 933 1136 986 θοῦσα
1147 925 1350 1006 ἀποκρύπτεται.
1362 927 1401 988 Τὸ
1413 926 1460 1003 μέν
1469 917 1513 986 οὑν
1524 925 1602 992 ἀλσος
1614 928 1699 986 οὐκέτι
1711 925 1841 1001 διαμένει·

229 1010 408 1092 τετραμμένον
423 1015 457 1078 είς
474 1009 508 1069 τδι
520 1011 613 1088 πεδία,
628 1009 789 1077 καταθέντες
804 1010 857 1069 ἀπδ
877 1017 920 1070 τοῦ
945 1013 1011 1070 Πα-
1056 1015 1086 1074 τὸ
1100 1015 1128 1074 δέ
1145 1015 1237 1095 ἄντρον
1258 1014 1285 1084 ἐξ
1300 1001 1363 1086 οὑὴ
1384 1013 1461 1081 inite
1479 1013 1626 1086 ἐκδίδοται,
1641 1017 1680 1093 τῷ
1700 1013 1844 1092 Παλαντίῳ

228 1098 335 1157 λαντίου
349 1103 395 1170 τῆς
415 1103 528 1179 κορυφῆς
548 1097 591 1156 ἐπὶ
611 1096 641 1156 τδ
660 1097 870 1177 προσεχέστατον
887 1099 971 1174 ὑδωρ·
984 1100 1012 1157 οὗ
1057 1099 1324 1182 προσῳκοδομημένον
1339 1100 1469 1160 δείκνυται
1488 1100 1558 1160 κατίι
1575 1098 1623 1172 τὴν
1639 1101 1681 1158 ἐπὶ
1700 1101 1743 1158 τὸν
1762 1101 1844 1158 ἱππό-

229 1185 280 1265 γάρ
293 1185 331 1245 ἐτι
347 1187 505 1267 προσωτέρω
516 1195 612 1266 χωρεῖν
627 1175 677 1244 οἷοί
691 1187 714 1244 τ’
728 1177 810 1257 ἦσαν·
830 1186 890 1244 ἔνθα
911 1189 1013 1264 πρῶτον
1057 1189 1152 1266 δρομον
1163 1188 1290 1269 φέρουσαν
1299 1188 1423 1248 δδόν·καλ
1433 1187 1540 1264 τέμενός
1551 1189 1621 1246 ἐστιν
1632 1187 1711 1245 αὑτοῦ
1720 1186 1844 1258 πλησίον,

228 1277 304 1342 ἡτοῦ
315 1280 437 1352 ποταμοῦ
449 1274 564 1351 πλήμμη
579 1278 625 1346 τῆς
637 1273 765 1353 ὑπωρείας
776 1274 890 1350 ἥπτετο,
900 1273 1012 1333 τίθενται
1057 1273 1117 1334 ἔνθα
1133 1273 1210 1334 εἰκών
1230 1277 1315 1334 κεῖται
1330 1279 1376 1333 τοῦ
1394 1273 1507 1347 πόθους,
1524 1274 1635 1332 λύκαινα
1654 1273 1765 1340 παιδίοις
1784 1273 1843 1334 δυσὶ

229 1363 278 1436 τὴν
293 1362 394 1440 σκάφην
408 1361 451 1422 ἐπὶ
467 1369 512 1422 τοῦ
528 1363 656 1433 ὑδατος·ή
670 1362 703 1421 δὲ’
711 1361 790 1442 μέχρι
805 1360 852 1439 μέν
864 1383 930 1429 τινος
944 1362 1012 1433 ἐνεί-
1057 1359 1115 1428 τοὺς
1139 1359 1252 1438 μαστοὺς
1273 1361 1425 1442 ἐπέχουσα,
1446 1362 1549 1442 ’χάλκεα
1570 1361 1707 1437 ποιήματα
1726 1364 1846 1428 παλαιᾶς

228 1473 305 1530 χετσ,
318 1449 407 1510 ἐπειτα
418 1457 463 1510 τοῦ
476 1450 575 1532 ῥείθρου
587 1450 656 1510 κατδ
667 1450 760 1530 μικρὸν
772 1453 969 1528 ὑποχωροῦντος
982 1453 1011 1508 ἐκ
1057 1449 1191 1528 ἐργασίας.
1233 1441 1288 1510 Ἦν
1302 1449 1330 1508 δὲ
1346 1449 1375 1507 τό
1391 1451 1487 1528 χωρίον
1501 1452 1552 1508 τῶν
1570 1447 1618 1507 σὺν
1636 1449 1763 1530 Εὐάνδρῳ
1777 1447 1845 1508 ποτὲ

130 1533 137 1546 ’
180 1587 189 1600 .
229 1544 281 1598 τῶν
293 1537 353 1618 περὶ
366 1537 479 1618 ἔσχατα,
495 1539 566 1598 λίθου
576 1537 750 1619 προσπταίσει
761 1545 952 1618 περιτραπεῖσα
964 1539 1011 1596 ἐκ·
1057 1535 1207 1594 οἰκισάντων
1225 1535 1288 1595 αὑτὸ
1304 1535 1433 1617 Ἀρκάδων
1447 1535 1524 1616 ἱερὸν,
1539 1539 1574 1601 ῶς
1589 1533 1703 1613 λέγετμι.
1746 1535 1796 1602 Ὣς
1814 1534 1845 1594 δέ

231 1626 324 1684 dille
337 1625 370 1682 τδι
383 1624 476 1706 βρέφη.
493 1625 536 1686 Τδι
550 1623 597 1700 μέν
610 1625 642 1696 δὴ
654 1625 799 1701 κνυζόμενα
813 1623 882 1682 κατδ
895 1629 940 1682 τοῦ
952 1621 1010 1682 τέλ·
1058 1621 1158 1694 ἀπέστη
1174 1621 1204 1680 τδ
1218 1621 1316 1702 θηρίον,
1333 1623 1447 1701 αἴρουσιν
1459 1625 1483 1682 οἱ
1497 1630 1583 1700 νομεῖς
1597 1623 1629 1680 τὰ
1643 1621 1744 1702 βρέφη,
1756 1645 1841 1681 σπου·

230 1735 312 1788 ματος
324 1713 512 1772 ἐκαλινδοῦντο.
529 1711 648 1772 Δύκαινα
658 1711 686 1772 δέ
695 1735 733 1780 τις
745 1714 913 1792 ἐπιφανεῖσα,
926 1710 1011 1769 νεοτό·
1056 1708 1103 1782 δὴν
1116 1708 1264 1784 ποιούμενοι
1278 1709 1389 1791 τρέφειν,
1401 1713 1435 1778 ώς
1446 1713 1510 1770 θεῶν
1529 1709 1596 1769 αὑτδι
1609 1710 1737 1778 σώζεσθαι
1750 1712 1845 1789 βουλε·

228 1821 288 1863 κους
301 1802 447 1876 σπαργῶσα
460 1797 517 1864 τοὺς
532 1799 646 1874 μαστοὺς
658 1799 708 1858 ὑπδ
718 1797 859 1878 γάλακτος,
871 1797 954 1856 ἐδίδου
965 1795 1011 1864 τὰς
1057 1795 1151 1872 μένων.
1192 1787 1245 1858 Ἦν
1265 1795 1293 1856 δέ
1313 1821 1351 1866 τις
1368 1799 1395 1856 ἐν
1422 1799 1508 1866 αὐτοῖς
1528 1798 1674 1879 συφορύίων
1700 1800 1847 1877 βασιλικῶν

230 1883 311 1954 θηλδς
321 1888 374 1950 τοῖς
389 1884 516 1960 στόμασιν
529 1889 624 1960 αὐτῶν,
634 1888 723 1968 καλιῇ
739 1885 843 1964 γλώττῃ
854 1885 898 1943 τὺν
911 1882 1008 1961 πηλδν,
1057 1883 1271 1962 ἐπιμελούμενος,
1286 1885 1400 1956 ἐπιεικὴς
1420 1885 1502 1965 ἀνὴρ,
1520 1886 1677 1952 Φαυστύλος
1693 1885 1793 1961 ὄνομα,
1815 1885 1845 1952 t<

228 1965 259 2031 οὑ
270 1968 411 2030 κατάπλεοι
424 1963 501 2044 ἦσαν,
515 1974 661 2053 ἀπελίχμα.
675 1975 723 2036 Ἐν
737 1973 764 2034 δέ
777 1975 860 2053 τούτῳ
872 1970 1011 2050 τυγχάνου-
1057 1975 1083 2031 ἐν
1094 1977 1128 2053 τῇ
1139 1972 1214 2032 πόλει
1229 1971 1298 2030 κατὰ
1309 1971 1341 2043 δή
1353 1997 1378 2031 τι
1390 1974 1532 2050 ἀναγκαῖον
1544 1971 1658 2051 ἐγεγόνει
1669 1977 1728 2031 καθ’
1740 1972 1768 2032 δν
1781 1972 1846 2052 χρό·

228 2083 270 2117 σιν
281 2063 305 2118 οἱ
320 2067 405 2136 νομεῖς
417 2059 592 2128 ἐξελαύνοντες
605 2059 651 2128 τδις
670 2060 765 2140 ἀγέλας
785 2061 829 2119 ἐπὶ
843 2059 943 2136 νομήν·
959 2059 1010 2130 ἤδη
1056 2081 1098 2118 νον
1112 2064 1128 2130 ἡ
1142 2058 1223 2140 φθορά
1236 2065 1282 2132 τῆς
1295 2059 1375 2126 Ἰλίας
1388 2060 1433 2118 καί
1447 2063 1460 2118 δ
1473 2059 1546 2125 τόκος
1560 2057 1702 2138 ἠλέγχετο·
1715 2059 1760 2118 καὶ
1774 2059 1846 2137 μετέι

227 2145 279 2226 γὰρ
294 2145 408 2224 ἐμβατὸν
422 2137 454 2216 ἧν
465 2146 495 2204 τὸ
506 2147 615 2227 χωρίον·
630 2147 675 2206 καί
686 2171 723 2212 τις
736 2150 820 2206 αὑτῶν
834 2145 895 2206 ἰδών
908 2143 955 2218 τὴν
967 2146 1010 2205 λύ·
1056 2153 1139 2206 ταῦτα
1157 2147 1333 2224 κομιζομένων
1347 2147 1390 2206 ἐπί
1403 2147 1447 2205 τὸν
1461 2148 1580 2224 ποταμὸν
1593 2153 1644 2206 τῶν
1661 2151 1772 2228 βρεφῶν,
1784 2152 1842 2215 τοῖς

228 2257 334 2310 καιναν,
355 2237 390 2300 ώς
410 2233 544 2304 ἠσπάζετο
558 2235 591 2292 vd
608 2233 705 2314 βρέφη,
722 2233 786 2300 τέως
800 2234 847 2311 μέν
865 2235 965 2314 ἀχανὴς
979 2225 1010 2306 ἦν
1057 2235 1175 2315 φέρουσιν
1196 2234 1263 2293 αύτά
1284 2233 1353 2293 κατδ
1368 2233 1438 2294 θείαν
1455 2235 1537 2313 τύχην
1552 2235 1609 2312 ἀμα
1629 2235 1774 2306 διεληλύθει
1794 2234 1845 2308 τὴν

229 2323 278 2380 ὑπὸ
299 2321 414 2398 θάμὺους
431 2319 477 2379 καί
498 2321 619 2388 ἀπιστίας
640 2325 691 2380 τῶν
712 2322 905 2402 θεωρουμένων·
920 2321 1011 2380 ἔπειτα
1057 2319 1138 2394 αὐτὴν
1148 2321 1215 2394 iiii,
1227 2321 1298 2388 εῖςτδ
1310 2323 1458 2382 Παλεῖντιον
1470 2321 1529 2382 ἐών·
1540 2322 1566 2390 δς
1575 2321 1671 2394 ἥκιστα
1685 2331 1738 2388 τοῖς
1751 2324 1845 2390 ἀλλοις

228 2409 309 2469 ἐλθὼν
329 2409 374 2467 καὶ
389 2408 511 2477 συλλέξας
528 2408 572 2476 οὑς
585 2408 692 2468 ἐδύνατο
709 2409 844 2477 πλείστους
858 2412 909 2467 τῶν
928 2410 1010 2486 ἀγχοῦ
1057 2408 1208 2490 καταφανὴς
1221 2407 1357 2486 γενόμενος
1370 2411 1405 2476 ὡς
1419 2409 1557 2467 ἐπίσταταί
1569 2432 1594 2466 τι
1610 2413 1656 2466 τοῦ
1669 2409 1842 2488 πράγματος,

229 2496 357 2573 νεμόντων
370 2497 413 2574 (ού
423 2496 473 2577 γδρ
483 2495 631 2556 ἐπιστεύετο
647 2495 762 2576 λέγων),
777 2497 833 2574 ἀγει
844 2495 951 2576 τοῦργον
963 2498 1009 2553 αὐ·
1058 2493 1169 2562 ἀξιώσας
1187 2497 1259 2575 αὑτῷ
1277 2500 1478 2575 συγχωρηθῆναι
1493 2495 1526 2552 sd
1546 2495 1643 2576 βρέφη,
1662 2496 1795 2570 λαμόοίνεε
1813 2520 1845 2556 τε

190 2602 194 2610 ·
229 2583 288 2650 τοὺς
306 2583 484 2660 θεασομένους.
522 2583 576 2651 Ὣς
592 2583 618 2642 δέ
637 2585 752 2644 κάκεῖνοι
769 2584 879 2658 πλησίον
896 2581 1011 2652 ἐλθόντες
1057 2581 1124 2641 αὑτδι
1137 2580 1211 2660 παρδι
1221 2587 1266 2641 τοῦ
1278 2588 1363 2642 κοινοῦ
1377 2581 1422 2640 καὶ
1436 2581 1518 2663 φέρων
1533 2586 1568 2650 ώς
1581 2582 1628 2653 τὴν
1639 2591 1750 2660 ’γυναῖκα
1768 2583 1846 2663 ἐρχε·

229 2671 325 2748 ἀμαθον
345 2671 393 2742 τὴν
412 2671 459 2748 μὲν
479 2671 568 2752 ὥσπερ
588 2671 666 2731 τέκνα
687 2677 867 2753 περισπῶσαν,
885 2670 919 2730 τδ
938 2671 1012 2736 δ’ὡς
1055 2693 1108 2727 ται.
1148 2671 1293 2730 Τττοκυῖαν
1310 2668 1336 2727 δέ
1349 2669 1507 2728 καταλαόὼν
1519 2668 1564 2729 καί
1577 2669 1725 2748 ἀχθομένην
1740 2669 1782 2728 ότι
1793 2695 1841 2730 ντ-

229 2757 327 2836 μητρδς
339 2757 491 2837 ἐξεχόμενα,
506 2757 636 2836 δαιμόνιόν
648 2783 674 2818 τι
686 2765 778 2840 χρῆμα
791 2765 852 2840 δρᾶν
865 2757 1012 2818 ὑπολαῦόν·
1056 2753 1118 2836 κρδν
1141 2759 1208 2834 αὐτῇ
1227 2755 1257 2815 cd
1279 2756 1371 2836 βρέφος
1393 2749 1434 2830 ἦν,
1456 2762 1650 2836 παραμυθεῖται
1670 2758 1715 2815 καί
1737 2757 1845 2818 δίδωσιν

228 2867 289 2919 τες,
304 2844 434 2926 ἐγγυτέρω
447 2845 596 2926 προσῄεσαν
614 2847 716 2932 ἀθρόορ,
732 2847 904 2922 δεδιττόμενοι
919 2851 968 2926 βοῇ
981 2848 1011 2904 τὸ
1057 2843 1249 2903 ὑποὺαλλεσθαι
1260 2843 1294 2900 τά
1303 2842 1413 2915 παιδία,
1424 2852 1512 2902 πᾶσαν
1522 2844 1549 2911 ἐξ
1558 2846 1640 2922 ἀρχῆς
1650 2844 1845 2918 διηγησόμενος

230 2932 328 3012 θηρίον.
343 2933 378 2994 ‘H
400 2932 428 2992 δέ
446 2932 556 2992 λύκαινα
571 2935 600 2992 οὑ
616 2935 689 3010 μα’λα
707 2933 876 3015 ἀγριαίνουσα
890 2937 941 2992 τῶν
962 2936 1010 2991 ἀν·
1056 2930 1103 3002 τὴν
1116 2936 1300 3010 κατασχοῦσαν
1318 2929 1385 2988 αὑτά
1399 2930 1493 3009 τύχην.
1535 2931 1690 3007 Αὐξομένοις
1707 2931 1735 2990 δέ
1753 2933 1845 3001 αὑτοῖς

230 3020 339 3102 θρώπων
352 3025 386 3101 τῇ
401 3021 534 3101 προσόδῳ,
550 3021 608 3079 ἀλλ’
626 3019 714 3102 ώσπερ
731 3019 762 3080 δν
775 3022 927 3102 χειροήθης,
944 3022 1010 3079 ἀπο·
1056 3017 1138 3094 ὄνομα
1157 3017 1272 3089 τίθεται,
1288 3019 1325 3096 τῷ
1341 3015 1388 3092 μέν
1402 3015 1548 3092 Ῥωμύλον,
1566 3021 1604 3098 τῷ
1622 3017 1649 3078 δέ
1670 3017 1788 3096 Ῥῶμον,
1806 3023 1844 3080 0i

230 3185 298 3246 cuti)
310 3185 343 3233 ita
355 3185 439 3235 scribit
458 3203 489 3236 ια
501 3186 590 3236 Amulii
599 3186 665 3248 jussu
678 3187 780 3236 ministri
798 3185 896 3248 quidam
912 3185 1013 3236 intentes
1057 3184 1203 3244 recessit,et
1212 3196 1267 3232 cnm
1276 3195 1362 3244 mogun
1370 3181 1449 3231 turbae
1456 3181 1580 3244 pastoralis
1589 3185 1766 3248 contemptione
1772 3185 1843 3238 abiit.

230 3261 335 3310 incluso
348 3261 481 3312 collocatos
496 3264 641 3325 acceperunt
656 3263 681 3312 ct
710 3264 879 3326 mportarunt,
893 3265 921 3312 ut
935 3275 977 3312 eos
987 3263 1013 3312 in
1058 3263 1153 3314 Etenim
1163 3275 1210 3312 non
1219 3261 1302 3324 procul
1314 3261 1369 3311 inde
1381 3261 1464 3312 aberat
1473 3261 1646 3324 lucusquidam
1657 3263 1771 3314 arborum
1780 3264 1845 3315 den·

231 3339 333 3388 fluvium
343 3341 440 3390 circiter
454 3343 553 3390 centnm
569 3341 653 3403 viginti
664 3341 740 3390 stadia
757 3341 789 3390 ab
805 3342 866 3391 urbe
885 3341 1012 3392 distantem
1059 3341 1131 3390 nitate
1144 3353 1234 3402 opscus
1244 3342 1269 3390 et
1278 3353 1348 3402 rupes
1357 3353 1416 3388 cave
1428 3341 1505 3390 tontes
1516 3339 1635 3390 emittens.
1647 3342 1692 3392 ille
1703 3346 1787 3392 autem
1803 3343 1844 3392 lo-

231 3417 382 3480 projicerent.
395 3422 476 3476 Quum
488 3422 569 3470 autern
580 3432 609 3469 eo
618 3419 785 3482 accessissent,
797 3421 822 3469 ei
833 3419 1013 3469 animadvertis·
1059 3431 1102 3468 cus
1111 3418 1169 3468 Perii
1182 3429 1249 3486 sacer
1260 3417 1393 3479 dicebatur,
1409 3417 1490 3480 ibique
1505 3419 1556 3468 erat
1569 3418 1608 3467 dei
1616 3431 1657 3468 ara
1670 3434 1676 3468 ε
1696 3433 1745 3482 quo
1762 3435 1845 3484 quum

232 3497 286 3542 seni
295 3495 399 3544 Tiberim
410 3496 442 3545 ob
456 3497 584 3546 continuos
594 3497 683 3546 imbres
692 3497 761 3546 extra
772 3497 906 3546 naturalem
917 3497 1012 3546 niveum
1059 3497 1101 3546 ills
1112 3496 1224 3556 venisset,
1234 3509 1260 3546 οε
1269 3496 1406 3546 occultavit.
1414 3499 1461 3546 iste
1469 3499 1548 3546 tamen
1559 3497 1629 3547 lucus
1640 3511 1689 3547 non
1698 3503 1778 3549 εεεεει
1785 3513 1844 3550 am·

231 3585 351 3634 egressum
368 3571 391 3621 in
408 3587 517 3638 campos,
533 3574 564 3624 de
581 3575 665 3624 Palatii
677 3575 766 3626 vertice
783 3575 813 3624 ad
829 3588 918 3637 aqusm
929 3577 1012 3638 proxi·
1059 3574 1122 3636 plius
1133 3573 1293 3623 :sedante-um
1301 3572 1365 3622 unde
1374 3573 1427 3622 tous
1435 3571 1539 3635 fluebat,
1551 3574 1634 3624 Palatii
1643 3574 1750 3625 {edificiis
1757 3576 1846 3640 adium

232 3661 297 3697 mam
304 3649 478 3700 descenderunt
486 3651 494 3713 (
502 3652 648 3713 nequeenim
657 3651 757 3702 ulterius
764 3651 871 3715 progredi
879 3654 1011 3714 poterant),
1058 3652 1125 3700 ctum
1135 3650 1219 3699 visitur
1227 3650 1253 3698 in
1260 3649 1299 3698 via
1310 3650 1350 3698 ills
1359 3663 1413 3711 quan
1425 3649 1472 3698 lert
1480 3649 1512 3698 ad
1521 3650 1627 3700 Circum.
1639 3653 1669 3700 Et
1679 3653 1794 3702 sacellum
1803 3658 1846 3706 ω

234 3723 276 3773 ubi
294 3723 359 3774 tiuvii
376 3726 507 3777 exundatio
517 3727 584 3778 collis
596 3725 687 3780 radices
704 3729 821 3790 alluebat,
840 3731 866 3778 et
882 3729 915 3778 ibi
934 3729 1012 3790 ipsum
1056 3727 1127 3788 iuxta
1135 3727 1229 3789 ipsum,
1241 3725 1283 3774 nbi
1294 3725 1498 3787 eststntuaiiujns
1509 3726 1669 3787 casusindex,
1680 3728 1846 3792 lupaduobus

234 3802 330 3851 alveum
342 3803 366 3851 ln
377 3804 446 3865 aquis
457 3807 595 3866 posuerunt
605 3803 653 3863 Qui
667 3805 813 3867 aliquamdiu
824 3803 921 3867 quidem
931 3805 1012 3855 iluita-
1057 3805 1189 3854 tutantibus
1209 3817 1326 3853 mammas
1345 3805 1479 3866 prebeas:
1502 3818 1563 3868 opus
1578 3807 1717 3868 antiquum,
1740 3819 1771 3856 ex
1791 3821 1846 3860 esra

233 3877 283 3939 vit;
293 3878 335 3944 sed
345 3883 442 3942 postes,
453 3881 521 3943 aquis
529 3881 654 3943 paullatim
665 3895 696 3932 ex
707 3881 759 3944 ripa
768 3884 876 3932 extrema
884 3882 1012 3932 recedenti·
1059 3884 1159 3933 iactum.
1174 3885 1198 3934 is
1206 3887 1287 3933 nutem
1299 3883 1419 3945 locus(ut
1430 3883 1521 3946 fertur)
1533 3883 1590 3933 olim
1599 3883 1631 3933 ab
1641 3884 1785 3948 Arcadibus,
1797 3887 1846 3950 qui

234 3955 292 4016 bns,
301 3968 360 4004 saxo
369 3956 486 4018 impactus
497 3959 523 4006 et
533 3971 630 4008 eversus
639 3957 739 4008 inientes
748 3960 830 4020 ejecit,
842 3960 884 4022 qni
893 3959 1014 4022 vagientes
1059 3975 1116 4011 cnm
1127 3961 1238 4012 livandro
1249 3961 1350 4012 edificia
1358 3961 1391 4012 ibi
1407 3961 1574 4024 condiderant,
1588 3967 1740 4014 consecrabis
1751 3965 1843 4019 ineat.

233 4032 258 4080 in
274 4045 343 4082 coeno
360 4033 539 4084 volutabantur.
554 4038 637 4092 Quum
649 4039 730 4086 antem
739 4037 797 4100 lupa
814 4037 926 4100 quaedam
938 4049 1012 4101 appa-
1058 4045 1139 4099 Quum
1151 4041 1222 4102 igitur
1239 4041 1288 4090 iera
1297 4041 1445 4100 recessisset,
1456 4044 1563 4104 pastores
1573 4041 1724 4092 sustulerunt
1737 4042 1846 4096 inientes

234 4109 336 4170 risisset,
352 4109 466 4159 uberibus
476 4111 565 4161 recenti
582 4113 653 4174 partu
670 4113 734 4164 lacte
749 4115 911 4177 turgentibus,
928 4129 1013 4165 eornm
1057 4118 1127 4181 illos;
1139 4117 1305 4168 existimantes
1322 4121 1484 4168 eosaccuraie
1501 4117 1613 4178 alendos,
1634 4130 1695 4180 quos
1710 4117 1744 4168 dii
1761 4121 1846 4171 salvos

234 4186 271 4235 ori
282 4199 398 4234 mammas
408 4187 525 4248 prebuit,
536 4190 562 4237 et
576 4188 655 4251 lingua
665 4203 776 4254 αοιιυιο,
788 4205 838 4256 quo
854 4193 917 4258 pieni
931 4195 1012 4252 erent,
1059 4193 1198 4244 voluissent.
1210 4197 1276 4245 luter
1285 4207 1326 4244 eos
1335 4195 1417 4243 sutem
1432 4197 1484 4244 eret
1495 4193 1595 4256 quidam
1607 4195 1664 4256 regii
1682 4196 1774 4258 pecoris
1785 4210 1846 4247 ma-

234 4261 362 4311 lambendo
377 4263 495 4312 abstersit.
511 4266 670 4316 intereavero
684 4267 745 4317 torte
755 4271 861 4330 pastores
876 4282 957 4332 greges
973 4283 1013 4332 pa·
1057 4273 1137 4334 gister,
1151 4272 1188 4320 vir
1196 4273 1286 4334 probus
1295 4271 1393 4322 nomine
1402 4273 1542 4333 Faustulus,
1562 4273 1605 4334 qui
1616 4271 1742 4334 cujusdam
1752 4285 1847 4337 urgen-

234 4344 298 4389 stum
310 4341 411 4404 agebant
420 4342 501 4403 (locus
512 4343 575 4392 enim
583 4343 637 4404 iam·
647 4347 745 4407 pervius
758 4348 825 4408 erat)
835 4349 859 4397 et
870 4361 901 4396 ex
910 4348 947 4398 bis
957 4349 1012 4410 qui·
1057 4348 1184 4411 iisnegotii
1194 4349 1296 4398 causain
1306 4349 1366 4398 urbe
1375 4349 1471 4410 aderet,
1480 4363 1529 4411 qno
1541 4351 1648 4412 tempore
1656 4349 1687 4399 de
1697 4351 1747 4400 iiie
1756 4358 1845 4414 ειομιιο

234 4410 306 4471 darn,
323 4414 451 4473 conspecta
466 4412 523 4474 lupa
545 4423 601 4475 quie
616 4413 718 4464 infantes
734 4415 845 4476 invehat,
866 4416 1012 4479 aliquamdiu
1058 4430 1177 4490 partuque
1185 4429 1334 4490 mmpeftum
1347 4429 1383 4477 est
1395 4447 1402 4476 z
1416 4429 1441 4476 et
1452 4431 1548 4490 postes,
1558 4428 1618 4477 dum
1632 4427 1736 4479 inmuta
1747 4429 1777 4480 ad
1791 4429 1845 4480 flu.

234 4487 364 4550 spectaculi
374 4489 480 4539 novitate
491 4491 607 4541 attonitus
618 4494 642 4541 et
653 4492 694 4541 vix
707 4494 764 4543 satis
772 4493 847 4543 oculis
857 4495 906 4545 suis
914 4496 1013 4546 credens
1058 4503 1125 4552 vium
1136 4501 1325 4566 deportarentur,
1339 4518 1395 4554 cum
1405 4504 1519 4554 ministris
1526 4505 1569 4568 qui
1577 4518 1618 4555 eos
1627 4505 1748 4568 ierebsnt,
1757 4507 1846 4560 drino

235 4563 322 4613 bresit:
335 4563 420 4614 deinde
428 4579 503 4628 quum
515 4567 611 4617 abiisset
619 4569 643 4618 et
653 4571 827 4620 convocassete
840 4573 950 4634 proximo
960 4573 1013 4624 loco
1058 4579 1163 4642 quodam
1173 4593 1231 4630 casn
1247 4581 1371 4630 palatium
1383 4583 1466 4643 petens
1474 4581 1560 4631 endem
1570 4582 1610 4631 vin
1626 4583 1679 4633 ivit.
1699 4584 1747 4642 Qui
1760 4598 1845 4647 quum

235 4642 356 4703 quotquot
369 4642 447 4703 potuit
458 4645 564 4704 pastores
574 4644 667 4708 (neque
679 4645 742 4696 enim
751 4647 802 4708 ejus
811 4648 890 4698 verbis
903 4649 962 4699 tides
970 4650 1013 4700 ba·
1059 4657 1143 4706 ceteris
1152 4669 1199 4706 non
1210 4655 1352 4707 declarasset
1362 4657 1406 4708 sibi
1415 4659 1465 4708 nlio
1476 4659 1548 4708 modo
1556 4671 1610 4709 eam
1622 4673 1674 4709 rem
1683 4673 1734 4712 esse
1745 4663 1845 4726 notam,

236 4719 362 4781 bebatur),
370 4732 411 4769 eos
419 4721 449 4770 ad
464 4721 542 4784 ipsum
549 4725 715 4786 spectaculum
723 4725 832 4776 adduxit.
844 4730 925 4786 Quom
934 4731 1014 4778 summ
1059 4735 1190 4797 postulavit
1201 4739 1228 4784 ui
1239 4735 1285 4785 sibi
1296 4735 1399 4786 intentes
1414 4736 1619 4787 concederentur:
1637 4751 1698 4802 quos
1715 4742 1846 4792 communi

237 4799 262 4845 ct
280 4796 314 4846 iiii
332 4799 430 4860 pmpius
445 4801 584 4853 accedentes
595 4803 656 4854 nanc
673 4807 787 4868 tanquam
802 4806 864 4856 filios
876 4805 1013 4872 foventem,
1058 4813 1177 4862 sociorum
1187 4825 1305 4862 consensu
1316 4812 1417 4863 trndiios
1427 4813 1519 4876 accepit
1528 4816 1552 4864 et
1563 4814 1594 4863 ad
1606 4827 1709 4865 uxoren
1719 4829 1789 4866 suam
1799 4817 1846 4868 de-

237 4873 291 4922 ilios
307 4875 423 4938 tanquam
442 4891 455 4926 e
469 4881 546 4928 matre
556 4880 686 4942 pendentes
700 4879 935 4946 animadvertissent,
951 4884 1014 4934 divi·
1063 4889 1128 4939 tulit.
1135 4893 1214 4946 Quam
1222 4902 1299 4952 quum
1309 4889 1437 4940 invenisset
1446 4894 1495 4952 iem
1506 4891 1611 4952 enixam,
1620 4893 1646 4942 st
1656 4897 1798 4944 moerentem
1808 4895 1848 4946 ob

237 4965 293 5030 nom
303 4953 422 5014 quandam
430 4968 479 5003 rem
489 4957 601 5008 sevidere
609 4961 663 5022 rati,
674 4960 817 5026 trequentes,
827 4963 930 5014 cbmore
939 4965 1015 5014 ieram
1058 4967 1189 5030 infantem,
1200 4981 1273 5030 quem
1282 4970 1404 5018 mortuum
1416 4967 1531 5030 ediderat,
1541 4982 1594 5020 eam
1605 4972 1722 5021 consolari
1733 4973 1806 5035 coeplt
1814 4977 1849 5025 et

237 5031 387 5094 territantes,
401 5033 498 5094 propius
515 5041 672 5088 secesserunt.
686 5042 717 5089 bt
733 5040 790 5102 lupa
809 5054 892 5090 eorum
909 5041 1014 5092 adventu
1059 5045 1159 5097 hiantes
1173 5047 1370 5109 eisupponenilos
1383 5047 1464 5108 dedit,
1476 5042 1588 5098 omnibns
1602 5063 1686 5100 eorum
1699 5051 1794 5102 casibus
1807 5053 1845 5102 nia

239 5120 286 5156 non
296 5107 364 5158 valde
377 5109 486 5172 vilereio,
503 5109 543 5162 sed
555 5115 581 5163 nt
592 5116 729 5178 mansueta,
746 5117 833 5168 sensim
845 5118 876 5168 cb
885 5117 1015 5171 infantibus
1059 5121 1127 5173 initio
1135 5125 1191 5175 ante
1208 5123 1317 5174 narratis.
1334 5124 1383 5174 illis
1395 5126 1477 5174 autem
1486 5125 1662 5188 crescentibus,
1674 5128 1731 5176 bule
1739 5129 1843 5192 quidem
