3974 5724
253 303 309 353 tta
885 287 1049 348 zenonis
1072 289 1205 348 alloni!

242 424 269 480 δέ
281 422 379 489 τούτοις
390 426 544 498 νομισθῆναι
556 420 603 492 τὴν
616 423 693 491 νῆσον
708 420 780 498 ίεράν
793 418 885 480 Ἡλίου
900 418 944 477 καί
961 417 1019 485 τούς
1068 443 1143 498 μενος
1157 419 1276 498 Τενάγης
1290 419 1340 480 tat
1353 421 1405 478 τῶν
1420 421 1537 501 ἀδελφῶν
1556 418 1597 478 διδ
1615 419 1706 500 φθόνον
1718 421 1844 502 ἀνῃρέθη·

242 509 309 586 μετὰ
320 515 402 568 ταῦτα
420 511 571 586 γενομένους
583 509 698 573 Ῥοδίους
713 507 860 565 διατελέσαι
873 507 1020 586 περιττότε·
1068 508 1224 584 γνωσθείσης
1238 507 1265 566 δέ
1277 512 1322 578 τῆς
1334 505 1490 578 έπεύουλῆς,
1504 508 1528 564 oi
1543 507 1716 586 μετασχόντες
1733 513 1779 566 τοῦ
1797 509 1844 587 ρό·

242 621 286 675 ρον
298 601 350 654 τῶν
364 597 450 656 ἀλλων
464 601 528 654 θεῶν
543 599 673 670 τιμῶντας
684 594 727 652 τθν
744 591 839 652 Ἡλιον
853 597 888 659 ὡς
906 593 1022 672 ἀρχηγδν
1068 617 1112 653 νου
1124 593 1217 660 πάντες
1231 594 1334 673 ἔφυγον.
1349 594 1456 654 Τούτων
1469 591 1496 650 δέ
1511 593 1609 670 Μάκαρ
1624 591 1671 666 μέν
1689 595 1727 658 είς
1743 591 1845 653 Λίσῦον

240 689 285 742 τοῦ
300 683 387 762 γένους
401 685 497 744 αὐτῶν.
522 674 601 742 Εἶναι
620 681 647 740 δέ
665 681 721 747 τοὺς
733 678 800 738 έπτδι
814 679 882 748 υἱοὺς
897 677 1021 758 Ὀχιμον,
1068 681 1187 763 ἀφίκετο,
1206 681 1339 747 Κάνδαλος
1350 681 1377 738 δὲ
1390 683 1426 745 είς
1439 677 1487 748 τὴν
1501 683 1564 740 liti·
1580 680 1663 746 Ἀκτῖς
1675 679 1697 737 δ’
1710 684 1745 745 εἷς
1763 680 1846 758 Λίγυ-

244 772 393 852 Κέρκαρον,
405 771 532 850 Μάκαρα,
545 771 658 842 Ἀκτῖνα,
668 769 797 846 Τενάγην,
809 769 939 848 Τριόπαν,
951 769 1022 830 Κάν-
1067 793 1131 828 πτον
1152 769 1254 850 ἀπάρας
1275 768 1360 828 ἔκτισε
1384 769 1431 838 τὴν
1449 765 1616 826 Ἡλιούπολιν
1639 767 1848 856 ὀνομαζομένην,

244 860 333 940 ξαλον,
366 863 396 916 θυ
415 858 495 937 ατέρα
524 857 552 916 δὲ
583 857 654 934 μίαν,
686 855 894 934 Ἠλεκτρυώνην,
926 855 958 927 ἣν
984 856 1022 914 ότι
1068 853 1120 914 ἀπὸ
1137 862 1182 912 τοῦ
1194 855 1291 932 πατρὸς
1305 855 1410 930 θέμενος
1420 853 1467 925 τὴν
1479 854 1748 933 προσηγορίαν·οίδ’
1764 854 1846 932 Αίγύ-

236 945 367 1024 ,παρθένον
379 969 457 1004 ουσαν
473 943 634 1020 μεταλλάξαι
647 943 690 1002 τὸν
710 943 764 1020 βίον
777 942 822 1000 καλ
839 947 923 1018 τιμῶν
933 951 1021 1022 τυχεῖν
1067 965 1137 1000 πτιοι
1149 944 1243 1020 ἔμαθον
1256 945 1318 1019 παρ’
1329 944 1407 998 αὑτοῦ
1419 941 1452 998 τά
1462 941 1522 1018 περὶ
1536 939 1583 1011 τὴν
1594 940 1766 1020 ἀστρολογίαν
1778 945 1845 998 θεω-
1884 935 1887 942 ’

241 1031 314 1110 παρά
329 1031 441 1098 Ῥοδίοις
455 1035 585 1111 ἡρωικῶν,
601 1031 764 1108 ’ἀνδρωθεῖσι
776 1026 803 1088 δὲ
819 1029 870 1095 τοῖς
885 1029 1021 1094 Ἡλιάδαις
1068 1029 1185 1110 ρήματα.
1227 1026 1355 1106 Ὕστερον
1373 1027 1400 1085 δέ
1416 1025 1489 1107 παρδε
1505 1029 1558 1094 τοῖς
1575 1027 1689 1098 Ἕλλησι
1707 1027 1845 1104 γενομένου

241 1122 321 1176 εἰπεῖν
343 1118 385 1176 τὸν
404 1118 508 1188 Ἥλιον,
528 1115 619 1183 οίτινες
638 1117 670 1174 ἂν
687 1117 781 1196 Ἀθηνᾷ
793 1115 893 1190 θύσωσι
909 1121 1021 1194 πρῶτοι,
1067 1119 1269 1192 κατακλυσμοῦ,
1288 1113 1333 1172 καί
1354 1113 1397 1172 til
1413 1113 1460 1184 τὴν
1481 1113 1625 1191 ἐπομῦρίαν
1646 1119 1698 1174 τῶν
1716 1113 1845 1172 πλείστων

240 1207 305 1284 παρ’
323 1206 421 1272 ἑαυτοῖς
441 1203 524 1272 έξουσι
543 1203 591 1274 τὴν
610 1202 680 1262 θεόν·
695 1203 724 1260 τὸ
737 1205 759 1260 δ’
779 1201 842 1260 αὐτὸ
860 1203 1022 1284 διασαφῆσαι
1068 1202 1209 1282 ἀνθρώπων
1222 1201 1399 1276 ἀπολομένων,
1415 1200 1510 1276 ὁμοίως
1522 1201 1621 1268 τούτοις
1634 1202 1678 1260 καλ
1690 1201 1723 1260 τά
1737 1200 1780 1258 διδ
1793 1205 1844 1258 τῶν
1906 1255 1931 1282 κ.

241 1292 344 1370 λέγεται
354 1301 405 1360 τοῖς
414 1291 461 1362 τὴν
473 1291 591 1362 Ἀττικὴν
603 1296 761 1349 κατοικοῦσι.
774 1289 822 1350 Διὸ
834 1289 879 1348 καί
890 1313 954 1370 ροισι
963 1293 1022 1356 τοὺς
1067 1290 1230 1368 γραμμάτων
1254 1288 1432 1368 ὑπομνήματα
1459 1288 1554 1359 συνέύη
1578 1295 1718 1368 φθαρῆναι.
1748 1291 1789 1347 Δι’
1812 1288 1845 1358 ἣν

243 1379 290 1451 μίν
305 1378 435 1445 Ἡλιάδας
449 1377 492 1435 διδ
505 1378 552 1447 τὴν
567 1377 682 1446 σπουδὴν
697 1375 897 1452 ἐπιλαθομένους
910 1378 1022 1452 ἐνεγκεῖν
1068 1377 1155 1436 αἰτίαν
1176 1381 1199 1436 οἱ
1221 1376 1359 1455 Αἰγύπτιοι
1377 1375 1468 1455 καιρὸν
1491 1375 1591 1434 εὔθετον
1613 1375 1737 1441 λαθόντες
1755 1375 1846 1443 ἐξιδιο·

241 1472 293 1542 πῦρ
310 1465 378 1543 [καί]
391 1467 517 1526 ἐπιθεῖναι
528 1466 610 1543 [τότε]
623 1461 655 1522 τά
670 1462 790 1539 θύματα,
805 1461 848 1520 τὸν
862 1463 888 1520 δὲ
903 1461 960 1520 τότε
974 1469 1022 1538 βα·
1071 1465 1213 1536 ποιήσαντο
1227 1463 1259 1522 τά
1269 1463 1329 1542 περί
1343 1463 1387 1533 τὴν
1399 1464 1580 1540 ἀστρολογίαν,
1593 1465 1698 1522 καὶτῶν
1709 1463 1846 1534 Ἑλλήνων

241 1553 376 1611 σιλεύοντα
389 1557 438 1610 τῶν
451 1553 591 1623 Ἀθηναίων
606 1553 730 1629 Κέκροπα
742 1549 785 1608 tal
796 1554 841 1608 τοῦ
856 1549 934 1628 πυρὸς
946 1555 1023 1608 θῦσαι
1068 1554 1110 1610 διδ
1126 1551 1173 1623 τὴν
1190 1552 1293 1630 ἀγνοιαν
1309 1550 1402 1626 μηκέτι
1416 1553 1467 1608 τῶν
1481 1552 1644 1629 γραμμάτων
1660 1551 1845 1624 ἀντιποιουμέ-

241 1637 358 1717 ύστερον.
372 1640 470 1718 Διόπερ
483 1639 546 1720 paci
559 1638 688 1714 διαμένειν
702 1637 780 1717 μέχρι
795 1643 840 1696 τοῦ
852 1643 896 1694 νῦν
909 1637 938 1694 τδ
953 1637 1022 1696 κατὰ
1067 1663 1127 1711 νων,
1140 1639 1273 1718 ἐνίσχυσεν
1286 1641 1320 1704 ὡς
1335 1637 1408 1696 αὐτοί
1422 1641 1521 1714 πρῶτοι
1532 1637 1579 1708 τὴν
1592 1642 1643 1696 τῶν
1655 1638 1757 1716 άστρων
1771 1637 1845 1715 σύρε-

241 1725 288 1794 τὴν
303 1727 393 1786 θυσίαν
403 1726 466 1784 ἴδιον
480 1729 506 1784 έν
519 1731 551 1806 τῇ
566 1725 651 1804 Ῥόδῳ
669 1725 715 1783 καί
725 1722 772 1796 τλν
785 1724 841 1782 θεὸν
853 1726 879 1781 ε’ν
892 1726 958 1803 αὐτῇ
970 1749 1021 1782 κα-
1068 1749 1108 1782 σιν
1121 1726 1284 1796 ἐποιήσαντο.
1297 1723 1413 1800 Ὁμοίως
1423 1723 1451 1782 δέ
1465 1724 1510 1782 καὶ
1526 1725 1655 1795 Ἀθηναῖοι
1667 1725 1801 1790 κτίσαντες
1817 1727 1845 1782 ἐν

241 1815 386 1894 θιδρῦσθαι.
401 1814 468 1893 Περὶ
481 1814 528 1889 μὲν
544 1805 588 1872 oda
602 1817 653 1872 τῶν
669 1812 928 1894 ἀρχαιολογουμένων
948 1811 1021 1893 παρὰ
1068 1813 1194 1891 Αἰγύπτῳ
1215 1813 1291 1871 πολιν
1311 1811 1359 1882 τλν
1379 1811 1572 1887 ὀνομαζομένην
1594 1814 1672 1888 Σάϊν,
1690 1817 1736 1883 τῆς
1753 1812 1845 1888 ὁμοίας

241 1897 353 1968 Ῥοδίοις
374 1901 442 1960 οὕτω
458 1900 524 1968 τινές
542 1903 739 1978 μυθολογοῦσιν·
760 1903 793 1959 έν
808 1891 853 1965 οἷς
871 1903 945 1959 ἐστι
965 1900 1023 1959 καὶ
1067 1899 1158 1978 ἔτυχον
1171 1899 1275 1974 ἀγνοίας
1290 1897 1333 1956 διίι
1347 1897 1391 1956 τδν
1414 1899 1610 1973 κατακλυσμόν.
1652 1901 1694 1958 Δι’
1710 1899 1739 1966 άς
1760 1899 1845 1966 αἰτίας

240 1988 351 2058 Ζήνων
365 1993 380 2047 6
393 1988 431 2046 τδι
443 1989 517 2068 περὶ
529 1989 649 2058 ταύτης
668 1985 913 2063 συνταξάμενος.
1066 1991 1175 2053 πολλαῖς
1195 1985 1300 2064 ίίστερον
1320 1993 1418 2062 γενεαῖς
1439 1985 1548 2058 Κάδμος
1565 1991 1579 2044 6
1598 1986 1734 2065 Ἆγήνορος
1755 1989 1784 2044 ἐκ
1798 1991 1845 2057 τῆς

197 2150 201 2156 Ι
281 2079 459 2150 Quaedeinde
469 2079 505 2136 de
520 2080 680 2151 antiquiore
693 2077 789 2133 Rhodi
798 2079 893 2132 insulae
907 2079 1022 2134 historia
1067 2075 1192 2146 Φοινίκης
1205 2077 1307 2152 πρῶτος
1322 2073 1455 2154 ὑπελήφθη
1468 2073 1576 2149 κομίσαι
1590 2073 1734 2152 γράμματα
1750 2075 1844 2145 cirula

241 2166 319 2238 apud
338 2165 498 2221 Diodorum
520 2167 601 2240 (cap.
628 2165 742 2239 57-59)
768 2166 909 2239 leguntur,
933 2184 1021 2238 quum
1067 2159 1198 2219 Ἑλλάδα·
1211 2160 1256 2218 καί
1271 2159 1317 2218 ἀπ’
1327 2159 1424 2219 ἐκείνου
1435 2161 1464 2218 τδ
1476 2160 1565 2219 λοιπδν
1580 2165 1603 2218 oi
1616 2158 1745 2230 Ἕλληνες
1754 2160 1842 2228 ἔδοξαν

241 2262 318 2308 arcte
336 2253 562 2308 antecedentibus
579 2253 676 2324 juncta
693 2253 748 2306 sint
769 2263 797 2307 et
815 2253 912 2325 patriae
926 2269 1022 2308 rerum
1067 2248 1106 2306 ἀεί
1118 2272 1142 2305 τι
1156 2246 1351 2326 προσευρίσκειν
1364 2247 1483 2326 περὶτῶν
1493 2247 1666 2326 γραμμάτων,
1678 2251 1764 2318 κοινῆς
1777 2271 1844 2315 τινος

241 2341 408 2412 scriptorem
433 2339 557 2412 prodant
581 2339 743 2407 manifesto,
772 2337 897 2394 dubitari
923 2341 1022 2412 nequit
1067 2335 1170 2412 ἀγνοίας
1182 2331 1343 2412 κατεχούσης
1353 2333 1411 2400 τοὺς
1423 2331 1566 2404 Ἕλληνας.
1580 2333 1697 2412 Τριόπας
1708 2334 1745 2405 δὲ,
1757 2334 1842 2392 πλεύ-

242 2427 312 2498 qnin
321 2443 355 2480 ex
369 2426 471 2480 eodem
484 2426 658 2497 potissimum
670 2426 784 2480 Zenone
795 2424 892 2480 hausta
905 2425 968 2478 sint.
1066 2443 1113 2488 σας
1122 2420 1211 2492 εῖςτὴν
1223 2420 1334 2498 Καρίαν,
1344 2420 1471 2498 κατέσχεν
1481 2420 1641 2499 ἀκρωτήριον
1650 2417 1681 2478 τὸ
1691 2423 1735 2478 ἀπ’
1746 2421 1843 2486 ἐκείνου

1065 2511 1090 2567 Τ
1092 2507 1189 2586 ριάπιον
1207 2505 1311 2577 κληθέν.
1330 2510 1365 2566 Οἱ
1383 2505 1410 2564 δέ
1426 2506 1512 2564 λοιποί
1525 2512 1570 2566 τοῦ
1585 2507 1676 2567 Ἡλίου
1695 2509 1786 2573 παῖδας
1799 2507 1843 2566 διά

1065 2591 1095 2650 τὸ
1109 2593 1146 2669 μὴ
1165 2597 1305 2671 μετασχεῖν
1319 2598 1364 2651 τοῦ
1379 2593 1456 2671 ρύνου
1477 2593 1633 2668 κατέμειναν
1646 2597 1672 2652 έν
1684 2618 1716 2673 τη
1736 2595 1842 2676 Ῥόδῳ,

282 2683 362 2738 Idem
373 2687 406 2758 V,
422 2683 458 2754 57
479 2703 485 2738 :
508 2683 543 2741 0i
562 2682 585 2739 δ’
604 2680 729 2740 Ἡλιάδαι
743 2680 861 2761 διάφοροι
874 2681 1021 2757 γενηθέντες
1065 2681 1111 2738 καὶ
1119 2679 1277 2761 κατῴκησαν
1290 2683 1357 2758 έντῇ
1370 2679 1488 2760 Ἰαλυσίᾳ
1496 2681 1630 2750 κτίσαντες
1639 2681 1713 2740 πολιν
1724 2682 1842 2760 Ἀχαίαν.

241 2770 292 2824 τῶν
309 2768 394 2826 ἀλλων
406 2771 432 2826 έν
443 2766 549 2848 παιδεία
561 2766 697 2845 διήνεγκαν
711 2765 757 2824 καί
767 2767 872 2842 μάλιστ’
884 2768 910 2824 έν
922 2769 1034 2846 ἀστρο-,
1065 2755 1119 2825 Ὧν
1131 2769 1145 2824 6
1159 2765 1330 2846 πρεσόύτερος
1339 2764 1451 2845 Ὄχιμος
1463 2769 1609 2845 βασιλεύων
1621 2768 1703 2845 έγημε
1713 2769 1775 2843 μίαν
1790 2774 1842 2828 τῶν

242 2853 328 2932 λογίογ.
349 2854 533 2931 Είσηγήσαντο
552 2853 579 2913 δέ
593 2853 639 2913 καί
654 2854 714 2934 περλ
727 2857 773 2924 τῆς
787 2853 919 2920 ναυτιλίας
931 2853 1017 2913 πολλὰ
1066 2853 1198 2932 θγχωρίων
1210 2857 1315 2934 νυμρῶν
1327 2853 1496 2932 Ἡγητορίαν,
1507 2855 1532 2922 ἐξ
1541 2847 1572 2926 ἧς
1581 2855 1702 2934 ἐγέννησε
1711 2858 1841 2938 θυγατέρα

241 2939 287 2996 καί
301 2939 334 2997 τὰ
345 2941 404 3020 περὶ
417 2941 463 3007 τὰς
475 2939 545 3020 ὥρας
561 2940 688 3009 διέταξαν.
708 2941 889 3021 Εὐρυέστατος
900 2941 928 2999 δέ
945 2941 1018 3020 γενά·
1066 2942 1207 3011 Κυδίππην
1218 2939 1266 3012 τὴν
1277 2939 1344 3017 μετά
1354 2947 1436 2999 ταῦτα
1456 2941 1574 3022 Κυρύίαν
1587 2951 1838 3020 μετονομασθεῖσαν·

617 2571 644 2614 ².

242 3110 323 3157 autem
335 3109 423 3158 veritas
432 3109 484 3158 baec
493 3112 530 3158 est
541 3129 547 3158 ε
560 3110 606 3158 sub
615 3109 716 3170 primam
727 3123 807 3160 rerum
816 3111 924 3159 omnium
933 3109 1022 3158 consti·
1066 3123 1162 3172 qnoque
1170 3110 1268 3158 scientia
1277 3110 1386 3170 exculta,
1396 3110 1510 3172 bonaque
1519 3111 1543 3160 iu
1553 3115 1630 3161 certas
1640 3113 1843 3164 vicesdistributre

241 3189 373 3244 tutionem,
384 3199 461 3247 quum
471 3187 548 3234 insula
557 3199 653 3234 caenosa
662 3191 723 3234 asset
732 3189 756 3234 et
764 3187 856 3245 mollis,
870 3187 909 3235 sol
921 3187 1022 3234 humore
1066 3189 1130 3235 siant.
1144 3187 1266 3235 acerrimo
1275 3187 1336 3234 inter
1348 3173 1389 3236 eos
1396 3187 1489 3249 ingenio
1500 3191 1675 3251 Tenageserat;
1685 3191 1787 3254 ideoque
1796 3193 1843 3241 tra-

243 3263 624 3312 desicmioterramloecondavit.
658 3263 727 3312 Unde
735 3264 813 3312 exorti
822 3265 863 3326 qui
874 3265 980 3314 Heliadaa
991 3265 1022 3313 ab
1065 3265 1131 3311 trum
1141 3263 1228 3311 invidia
1242 3263 1350 3312 sublatus
1360 3265 1404 3312 est.
1418 3265 1524 3314 Detectis
1535 3278 1592 3315 vero
1604 3267 1842 3329 insidiis‚cadiaan-

244 3343 296 3402 ipso
307 3339 492 3388 denominantur
507 3342 598 3401 septem
614 3353 727 3400 numero,
743 3341 768 3389 et
783 3341 886 3402 populus
897 3341 1022 3390 bominum
1066 3341 1144 3388 atores
1158 3341 1183 3388 et
1196 3338 1284 3388 conscii
1297 3339 1374 3388 solum
1383 3343 1507 3390 verterunt
1519 3354 1610 3390 omines.
1628 3346 1708 3405 Atque
1718 3345 1752 3393 ita
1763 3347 1843 3398 liacar

242 3429 312 3477 aeqire
321 3415 622 3476 atqueilliterrigenamm.
631 3415 849 3465 iliaconvenicnter
858 3417 961 3466 insulam
971 3417 1022 3466 soii
1066 3417 1090 3465 in
1102 3417 1218 3479 limbum,
1231 3417 1351 3468 caudatus
1367 3420 1391 3467 in
1403 3422 1436 3468 co
1447 3421 1562 3482 pervenit.
1585 3422 1650 3472 actis
1664 3435 1721 3472 vcro
1735 3424 1758 3472 in
1771 3425 1842 3486 AEgy-

243 3495 406 3540 consecratam
415 3492 566 3552 existimant,
575 3493 600 3540 et
607 3492 656 3540 nati
664 3491 750 3541 exinde
759 3493 845 3541 libodii
857 3495 972 3554 perpetuo
980 3497 1022 3543 So·
1066 3495 1134 3555 ptum
1144 3495 1264 3556 proiectus
1271 3495 1413 3558 Heliopolim
1422 3496 1536 3558 condidit,
1544 3499 1650 3560 parentis
1659 3511 1746 3549 nomen
1756 3499 1789 3548 illi
1799 3501 1843 3549 im·

242 3569 630 3632 lemprtcceterisdiir,tanquam
640 3571 1023 3634 generissuianctorem,impen·
1067 3583 1165 3631 ponens.
1178 3571 1842 3640 EtabbocAEgyptiiastmlogimscientiamacceperuat.

241 3649 292 3696 sius
302 3648 392 3696 colunt.
427 3648 630 3710 Nominaseptem
646 3647 1021 3712 ejuslillorumsnntocbimus,
1067 3649 1123 3696 Post
1132 3661 1208 3708 quum
1219 3649 1243 3698 in
1255 3649 1346 3699 Graecia
1358 3649 1448 3699 diluvio
1458 3663 1571 3712 oppressa
1582 3653 1686 3702 maxima
1698 3666 1753 3715 pars
1764 3654 1843 3703 bomi-

244 3725 393 3786 cercaplius,
409 3727 499 3782 Macar,
514 3724 593 3784 actis,
605 3727 722 3786 reaigo,
739 3726 836 3787 Triopas
849 3728 875 3774 et
892 3727 1021 3776 candaliis.
1066 3737 1125 3772 num
1140 3726 1260 3787 periisset,
1279 3728 1402 3776 literarum
1418 3731 1580 3779 monumentis
1592 3731 1663 3785 simnl
1675 3731 1767 3792 deletis,
1781 3732 1843 3781 lianc

244 3801 311 3849 Filia
318 3803 398 3849 autem
405 3801 483 3849 unicae
491 3801 632 3862 Electryone
638 3813 725 3850 nomen
732 3804 862 3864 erat3quaa
869 3803 950 3852 adbuc
956 3804 1022 3865 virgo
1066 3803 1168 3863 AEgyptii
1178 3805 1326 3853 occasionem
1338 3805 1430 3867 adepti,
1440 3807 1544 3855 studium
1554 3808 1688 3871 astrologia
1695 3809 1739 3858 cibi
1750 3811 1842 3858 manci·

242 3877 368 3938 dotnncta,
384 3861 520 3926 neroiiosa
536 3877 634 3926 libodiis
649 3877 753 3927 bonores
765 3879 811 3928 sibi
824 3879 928 3928 tributos
941 3879 1020 3928 babet.
1066 3881 1305 3942 perantiquumque
1316 3882 1392 3929 Graeci
1407 3883 1614 3944 perignorantiam
1624 3885 1747 3934 literarum
1761 3889 1842 3936 cultu·
1910 3945 1912 3952 s

243 3953 348 4003 licliadis
359 3967 414 4015 ergo
425 3953 518 4002 virilem
532 3955 628 4002 atatem
647 3953 751 4016 adeptis,
769 3955 808 4004 sol
828 3955 954 4018 praedixit,
973 3958 1023 4006 iore
1067 3967 1117 4004 ram
1134 3969 1182 4004 non
1196 3957 1352 4017 ampliussibi
1371 3958 1533 4018 vindicarent,
1550 3961 1612 4022 ipsos
1627 3964 1734 4011 omnium
1753 3964 1843 4025 primos

243 4033 272 4080 nt
285 4030 327 4092 qni
336 4030 453 4091 principes
463 4030 579 4078 Minerva
590 4043 658 4079 sacra
669 4031 788 4092 tacerent,
798 4033 822 4081 bi
840 4037 955 4095 perpetuo
970 4033 1022 4084 dem
1066 4037 1185 4083 astromm
1193 4035 1303 4082 notitiam
1310 4035 1423 4096 reperisse
1431 4037 1629 4086 rumorlnvaluit.
1641 4039 1680 4088 sic
1689 4041 1761 4089 etiam
1772 4043 1842 4091 atba-

243 4108 368 4170 prusentia
391 4109 533 4156 fruerentur.
558 4107 585 4157 td
604 4107 669 4170 quod
687 4109 771 4159 Atticis
791 4111 864 4159 etiam
879 4112 1023 4160 vaticinatus
1066 4111 1171 4171 aleines,
1184 4110 1240 4160 licet
1251 4112 1307 4161 Satn
1325 4113 1460 4174 inAEgypto
1472 4113 1556 4162 urbem
1573 4115 1747 4177 condidissent,
1762 4122 1843 4176 tamen

243 4185 339 4235 dicitur.
353 4183 445 4234 Accidit
463 4185 534 4245 igitur
545 4187 574 4234 ut
588 4184 693 4234 ileliadae
708 4199 758 4247 pra
774 4187 923 4237 testinatione
936 4188 1021 4238 oblivi-
1066 4191 1143 4240 eidem
1152 4189 1278 4239 oblivionis
1287 4191 1361 4240 ermri
1370 4190 1487 4240 dduvium
1497 4193 1615 4243 obnoxios
1624 4195 1687 4244 tacit.
1720 4199 1799 4252 Quam
1810 4197 1843 4246 ob

243 4262 366 4311 scarentur
383 4261 463 4322 ignem
485 4260 551 4322 prins
570 4261 629 4310 socia
649 4262 792 4325 admovere,
817 4277 890 4325 qnam
913 4265 1022 4314 victimae
1065 4281 1162 4318 cauom
1172 4271 1225 4330 post
1235 4271 1311 4318 multa
1320 4269 1375 4318 inde
1383 4270 1462 4318 secula
1471 4271 1576 4322 cadmus
1585 4274 1698 4334 Agenoris
1707 4287 1738 4323 ex
1749 4275 1842 4323 Pireni-

244 4339 408 4400 imponerent3
420 4342 525 4398 cecrops
540 4339 636 4398 autem,
647 4339 706 4387 tiano
718 4340 832 4401 temporis
843 4341 1020 4390 atheniensium
1065 4345 1347 4395 clainGrasciamliteras
1355 4347 1462 4396 attulisse
1469 4347 1589 4398 credituri
1599 4353 1685 4412 etpost
1694 4353 1842 4402 linconen

244 4428 299 4476 rex,
309 4415 366 4464 licet
373 4413 487 4476 posterior
499 4414 646 4474 immolaret,
657 4413 759 4464 llammis
767 4417 849 4466 brnen
859 4417 923 4478 prior
934 4417 1022 4468 bostiaa
1066 4423 1140 4472 literis
1157 4423 1259 4470 inventis
1276 4422 1376 4472 subinde
1390 4423 1503 4484 adjecisse
1516 4425 1606 4488 aliquid
1624 4429 1746 4489 putantur,
1765 4443 1842 4490 quum

244 4491 359 4540 adoleret.
375 4491 413 4540 Ob
422 4490 445 4538 id
457 4490 582 4552 peculiaris
592 4489 689 4552 quidam
699 4491 761 4540 ritus
771 4506 893 4542 sacrorum
905 4493 985 4542 adbuc
997 4495 1021 4543 in
1066 4498 1200 4548 communis
1208 4502 1306 4548 Graecos
1317 4499 1449 4560 ignorantia
1459 4503 1558 4552 teneret.
1568 4503 1667 4565 Triopas
1675 4507 1755 4554 antam
1764 4506 1789 4554 in
1798 4509 1843 4555 ca·

243 4566 328 4616 ilbodo
343 4565 494 4628 observatur,
508 4565 609 4628 dareque
623 4566 777 4617 simulacmm
793 4569 818 4618 in
830 4565 874 4618 liae
887 4570 962 4620 titum
975 4573 1020 4620 cst.
1065 4577 1125 4624 riam
1137 4574 1243 4635 trajecit,
1257 4574 1338 4635 ibique
1346 4576 1551 4637 promontorium,
1563 4578 1629 4639 quod
1641 4579 1764 4642 Triopium
1774 4581 1843 4630 abeo

244 4648 279 4693 De
291 4645 473 4706 antiquitatibus
484 4658 541 4707 ergo
552 4645 698 4696 lilicdiorum
709 4645 761 4696 baec
773 4646 872 4709 quidam
882 4647 956 4698 literis
966 4663 1021 4710 pro·
1064 4654 1161 4714 dicitnr,
1176 4652 1311 4712 occupavit.
1322 4653 1414 4715 Reliqui
1428 4656 1490 4706 Solis
1499 4657 1562 4716 nati,
1571 4669 1586 4704 a
1595 4657 1665 4720 culpa
1673 4659 1745 4708 cedia
1755 4659 1842 4720 ebeni,

244 4719 370 4781 ciderunt,
384 4723 446 4772 inter
458 4736 520 4786 quos
531 4723 605 4773 etiam
616 4727 681 4774 zeno
691 4727 740 4785 est,
752 4726 793 4786 qui
809 4725 885 4775 liborii
899 4726 1021 4776 historiam
1065 4731 1090 4780 in
1102 4729 1186 4780 ltbodo
1197 4733 1390 4791 permanserunt,
1399 4736 1425 4782 et
1435 4733 1531 4782 condita
1543 4734 1630 4783 Achaia
1640 4735 1701 4784 urbe
1713 4743 1784 4798 (quaa
1797 4751 1842 4798 po-

245 4798 377 4846 contexuit.
1064 4813 1114 4859 siaa
1122 4808 1202 4870 cyrbe
1210 4808 1363 4858 denominata
1372 4811 1471 4873 est),in
1480 4813 1565 4874 ialysta
1573 4813 1684 4876 deinceps
1693 4813 1842 4866 babitarent.

619 4881 636 4930 2
1065 4887 1224 4947 Regiaantem
1232 4888 1841 4950 potestascratpeneaocbimum,aetatemaxlmum:

276 4957 382 5007 ileliadoe
393 4960 488 5020 auum,
498 4960 942 5025 quumaliisbominibnsprestarent,
953 4965 976 5013 in
986 4966 1021 5014 di·
1065 4963 1106 5025 qni
1123 4961 1195 5011 ducta
1212 4963 1236 5011 in
1253 4963 1431 5013 matrimonium
1448 4967 1586 5028 licgetoria,
1602 4969 1767 5029 Nympharum
1780 4983 1842 5032 rina,

246 5035 379 5097 scipltniaet
389 5036 493 5084 maxime
501 5036 647 5097 astrologicis
654 5038 796 5088 εκοοΙΙυοεο.
807 5041 842 5090 ab
852 5041 888 5090 liis
895 5039 1021 5099 navigandi
1066 5041 1137 5090 liliam
1148 5053 1177 5090 ex
1189 5053 1217 5090 ea
1232 5041 1335 5104 suscepit
1347 5042 1483 5106 cydippen,
1493 5057 1548 5108 qna
1556 5045 1651 5108 cyrbire
1660 5059 1747 5096 nomen
1756 5047 1844 5098 deinde
