3910 5728
230 333 283 382 tttt

224 455 312 512 tarelr.
329 455 383 512 Vit.
404 451 489 510 xus.
504 471 534 524 p.
551 450 620 524 hii,
636 452 666 508 B.
686 477 697 500 ι
715 451 757 510 Cl.
773 452 941 508 Funlthaenel
955 455 996 508 De

224 541 411 597 Demosthene
429 539 551 594 Platonis
563 537 702 610 discipulo
721 540 749 592 in
771 541 832 594 λοι.
854 539 904 596 Gr.
918 542 993 612 Lips.

225 629 281 682 vol.
305 629 335 692 1,
354 627 418 682 fasc.
437 627 483 697 ll,
501 643 530 698 p.
548 623 713 696 289-306.
726 627 922 698 Fragmentum
941 627 996 680 huc

225 715 320 780 retuli,
332 715 397 786 quia
408 713 567 768 Pausaniam
578 713 607 785 l,
617 713 650 778 8,
663 717 678 774 ί,
690 755 698 784 ,
709 712 902 768 Demosthenis
912 715 996 767 vitam

223 801 350 872 persequi
367 799 465 866 video,
479 799 527 852 ubi
543 797 653 854 disserit
666 797 702 854 de
719 798 779 868 ejus
799 809 887 854 statua
907 817 997 872 prope

223 897 324 942 statuas
336 904 541 960 eponymorum
559 886 659 958 posita.
675 909 687 934 υ
703 887 876 942 Pnemsnus.

593 1043 635 1082 to.
680 1038 690 1068 l

262 1165 354 1222 schot.
374 1166 468 1218 Venet.
482 1173 510 1216 et
524 1161 639 1234 Didymi
655 1161 690 1218 ad
705 1165 789 1220 llum.
803 1165 836 1218 ll.
854 1165 909 1233 111,
920 1171 975 1230 ato
989 1183 996 1218 r

224 1249 317 1319 Ἐλένη
340 1249 502 1327 έρπασθιῖσοι
532 1247 580 1304 ὑπὸ
609 1246 788 1324 Ἀλεξάνδρου,
815 1251 941 1325 ἀγνοοῦσα
969 1248 998 1306 τὸ

223 1335 388 1410 συμέιέηκὸς
404 1333 499 1410 μιταξὺ
520 1337 572 1398 τοῖς
587 1335 704 1412 έδιλροῖς
718 1334 882 1413 Διοσκούροις
900 1333 997 1405 κακὸν,

223 1421 404 1496 ίπολοιμδένιι
420 1423 452 1479 δι’
467 1421 593 1498 αἰσχύνης
605 1421 686 1490 αὐτῆς
701 1420 737 1494 μὴ
750 1427 926 1500 πεπορεῦσθαι
939 1420 997 1480 roti-

224 1534 281 1576 τους
290 1513 324 1574 tle
335 1502 431 1580 Ἴλιον,
442 1507 531 1576 ἐπειδὴ
544 1507 674 1586 προτέροις
682 1507 731 1566 ὑπὸ
738 1505 848 1580 Θησέως
857 1509 979 1590 ἡρπάσθη
989 1553 998 1584 ,

223 1595 306 1662 καθὼς
321 1595 486 1673 προείρηται·
502 1593 544 1652 διδ
559 1593 609 1672 γδρ
631 1593 678 1664 τὴν
693 1595 751 1653 τότε
765 1593 904 1672 γενομένην
915 1596 998 1676 ἅρπα-

223 1684 271 1758 γὴν
283 1680 391 1763 Ἀριδνα
409 1682 482 1748 πόλις
503 1682 617 1752 Ἀττικῆς
631 1683 783 1758 πορίὶεῖται,
802 1683 847 1740 καὶ
860 1683 1000 1762 τιτρώσκε-

223 1795 266 1829 ται
287 1770 400 1850 Κάστωρ
416 1769 466 1826 berb
479 1768 594 1848 Ἀφίδνου
606 1773 650 1825 τοῦ
662 1767 720 1826 τότε
735 1767 862 1846 βασιλέως
875 1769 943 1828 κατέι
956 1768 1000 1826 τὸν

224 1857 303 1926 δεξιὸν
316 1855 407 1936 μηρίν.
420 1859 454 1916 Οἱ
465 1851 492 1913 δέ
502 1855 650 1934 Διέςκουροι
661 1855 771 1925 Θησέως
780 1855 817 1930 μὴ
827 1855 947 1934 τυχόντες
958 1858 1001 1912 λα·

223 1949 404 2024 φυραγωγοῦσι
413 1941 458 2008 τλς
471 1941 578 2012 Ἀθήνας
589 1939 721 2022 (Ἀρίδνας
733 1944 876 2022 Didym.).
888 1941 921 2002 ‘ll
932 1944 1000 2002 ἱστο-

224 2031 266 2110 ρία
281 2030 352 2106 παρὰ
369 2029 507 2105 Πολέμωνι
527 2027 544 2098 ἣ
558 2037 610 2094 τοῖς
631 2031 761 2094 κυκλικοῖς
777 2029 822 2087 καί
838 2031 890 2088 ἀπὸ
905 2030 998 2108 μέρους

223 2117 295 2196 παρὰ
310 2117 435 2192 ’Ἀλκμᾶνι
449 2119 486 2194 τῷ
503 2117 601 2194 λυρικῷ
616 2117 662 2190 (ρ.
680 2137 714 2190 ¹9
729 2117 774 2174 ed.
788 2117 929 2190 welch).

264 2211 401 2264 Pnuttsn.
418 2225 446 2280 p.
467 2205 499 2262 15
514 2226 520 2258 ι
533 2207 549 2272 ἡ
561 2201 661 2280 ἱστορία
672 2201 744 2280 παρέι
757 2205 810 2266 τοῖς
823 2202 998 2277 Πολιμωνέοις

222 2288 239 2360 ἢ
252 2291 303 2358 τοῖς
317 2291 446 2353 κυκλικοῖς
461 2288 506 2346 καὶ
520 2288 571 2345 einh
586 2289 678 2364 μέρους
693 2286 764 2368 παρὰ
781 2287 888 2362 Ἀλμᾶνι
901 2291 938 2370 τῷ
950 2289 995 2346 λυ-

224 2380 298 2457 ρικῷ.
312 2381 356 2434 Sic
368 2389 407 2434 est
418 2381 445 2432 in
454 2378 520 2432 'cod
536 2381 652 2432 Veneto.
665 2377 777 2448 Didymi
791 2396 852 2450 quae
864 2389 1001 2434 vocantur

223 2467 327 2522 scholia
339 2467 444 2520 habent
456 2462 631 2536 Πολεμωνέοις
643 2460 700 2530 ἤτοι
713 2463 852 2528 κυκλικοῖς.
862 2465 894 2520 ln
904 2466 1001 2522 codice

223 2554 352 2609 Leidensi
372 2553 410 2606 nil
434 2553 485 2605 nisi
509 2552 568 2604 haec
588 2551 719 2624 leguntur
740 2571 746 2604 :
766 2553 782 2618 ἡ
806 2549 906 2628 ἱστορία
929 2550 1001 2630 παρὰ

224 2639 367 2708 κυκλικοῖς,
392 2638 504 2692 testibus
523 2637 633 2698 Graevio
655 2656 700 2710 ap.
731 2637 840 2695 Fabric.
864 2639 895 2694 B.
917 2639 949 2695 G.
973 2641 1000 2708 l,

224 2745 251 2800 p.
269 2733 344 2799 442,
364 2735 392 2780 et
415 2723 599 2780 Valckenario
620 2725 723 2798 Opusc.
746 2725 788 2798 11,
808 2744 836 2798 p.
862 2725 924 2782 123.
940 2728 1000 2781 ianr

224 2817 325 2870 mirum
338 2822 442 2885 quanto
458 2830 543 2886 opere
560 2813 588 2864 in
603 2811 645 2865 his
660 2811 752 2866 verbis·
768 2811 898 2868 sudatum
909 2823 949 2867 est
965 2815 1000 2869 ab

224 2901 270 2974 iis,
288 2899 336 2972 qui
358 2898 570 2970 disputaverunt
593 2896 628 2950 de
650 2897 730 2968 cyclo
753 2899 851 2970 epieo;
873 2917 996 2974 quorum

224 3003 311 3060 quum
327 2985 406 3040 alteri
419 2983 619 3060 corrigendum
629 3001 685 3040 esse
698 2985 900 3056 existimarent,
918 2989 997 3042 alteri

225 3075 395 3146 cyclicorunr
416 3073 480 3126 lrinc
501 3080 603 3126 sectam
618 3071 661 3124 vel
683 3072 841 3128 Polemonis
857 3073 1001 3146 quoddam

225 3178 307 3232 opus,
324 3160 426 3213 seilicet
442 3157 520 3229 quod
540 3157 576 3212 ad
595 3157 666 3230 cycli
682 3158 755 3228 epici
770 3159 912 3214 historiam
934 3178 999 3234 gra-

225 3245 366 3300 vissimum
385 3252 468 3310 esset,
483 3243 615 3314 expiscati
636 3252 710 3298 stent.
736 3243 846 3296 llorum
867 3253 907 3297 est
920 3245 997 3300 Gra·-

226 3333 301 3399 vius,
314 3331 362 3403 qui
371 3371 379 3400 ,
398 3325 574 3402 Πολιμωνέοις
590 3325 647 3394 ἤτοι
660 3326 790 3392 κυκλικοῒς
802 3330 823 3384 si
839 3347 902 3384 vera
918 3331 1000 3386 lectio

225 3419 273 3488 sit,
289 3419 426 3472 rationem
438 3417 543 3470 nullam
558 3433 587 3468 se
599 3415 638 3468 ait
650 3433 730 3488 posse
747 3417 935 3485 comminisci,
949 3420 1000 3472 nisi

226 3503 304 3576 quod
317 3523 331 3558 a
345 3504 495 3558 Polemone
508 3499 633 3573 quodam
645 3503 770 3556 inunum
783 3521 886 3576 corpus
897 3504 1001 3559 fuerint

226 3591 335 3644 collecti
350 3590 464 3662 cyclici,
480 3589 630 3642 Polemone
645 3587 718 3642 forte
736 3589 850 3662 Euegeti
869 3587 943 3658 lili03
959 3591 1000 3645 si-

226 3677 385 3748 militerque
400 3673 598 3744 judicaverunt
617 3663 809 3741 casaubonus,
824 3674 1002 3748 Doduellus,

227 3762 288 3828 alii,
308 3761 344 3818 cl'.
365 3761 494 3818 Wiillner
513 3762 548 3816 de
567 3761 644 3834 Cycl.
661 3763 711 3834 Ep.
727 3780 756 3833 p.
775 3779 805 3814 ιι
827 3780 868 3834 sq.
884 3763 1002 3818 Contra-

117 3851 121 3859 “
181 3851 186 3876 “
229 3849 296 3902 riam
310 3849 473 3902 sententiam
484 3849 592 3922 praeivit
603 3847 776 3902 Fabriciusl.
792 3848 829 3914 l.,
846 3849 893 3920 qui
910 3849 1001 3924 legen·

229 3933 296 3989 dum
321 3953 377 3989 esse
398 3935 512 4008 conjicit
535 3929 605 4010 παρδι
623 3929 760 4007 Πολέμωνι
781 3931 839 4001 ἤτοι
858 3933 999 4000 κυκλικοῖς.

230 4019 300 4078 lluie
320 4023 457 4078 calculum
469 4021 570 4094 adjecit
589 4021 787 4076 Valckenarius
801 4021 819 4074 l.
836 4022 855 4074 1.
872 4023 913 4076 sic
933 4024 1002 4078 scri-

228 4107 297 4164 bens
312 4125 319 4165 :
337 4133 347 4155 ιι
363 4109 425 4164 Non
446 4110 548 4182 ignoro
568 4123 630 4180 quae
645 4107 680 4162 de
699 4109 748 4161 illo
763 4108 826 4162 loeo
845 4109 898 4161 viri
910 4109 1002 4182 magni

227 4197 404 4270 scripserint3
418 4215 515 4250 verum
536 4214 570 4250 eo
590 4195 647 4250 haec
661 4195 771 4262 adiero,
784 4206 815 4248 ut
830 4193 962 4250 adnotem
974 4197 1002 4248 in

228 4279 280 4337 Mo.
294 4283 422 4338 Leidensi
438 4281 633 4338 tantummodo
646 4283 700 4355 legi
718 4284 735 4349 ἡ
749 4279 850 4358 ἱστορία
864 4277 936 4357 παρὰ
951 4280 1003 4345 τοῖς

228 4365 366 4430 κυκλικῶς.
387 4367 528 4424 Credibile
540 4377 580 4422 est
600 4369 628 4420 in
651 4367 706 4422 alio
727 4369 878 4442 exemplari
900 4368 1002 4422 lectum

228 4455 244 4518 ἡ
274 4451 374 4528 ἱστορία
402 4449 475 4530 παρὰ
506 4449 659 4526 Πολέμωνι,
689 4463 773 4524 atque
800 4473 831 4508 ea
860 4455 888 4508 in
915 4471 1001 4508 unum

818 317 1037 378 rutttttoms
1059 319 1216 380 tttunsts

1044 457 1077 510 Et
1101 457 1157 528 ipsc
1186 454 1348 510 li'elelterus
1375 456 1442 509 olim
1470 455 1499 510 in
1523 456 1594 512 harre
1618 467 1723 529 partem
1749 461 1813 530 ivit,

1042 560 1069 596 ν.
1082 544 1205 598 alcinon.
1220 542 1317 616 fragm.
1332 561 1362 615 p.
1377 561 1424 609 ao,
1434 543 1580 614 legendum
1593 545 1811 622 esse-ratosnoph

1045 625 1180 702 Πολέμωνι
1192 627 1236 683 καὶ
1245 630 1296 692 τοῖς
1306 629 1446 690 κυκλικοὶς,
1458 631 1537 684 Νιιιιο
1548 631 1650 702 rejecta
1657 633 1708 687 hae
1719 651 1813 688 emen-

1042 713 1156 770 datione
1174 715 1243 770 duas
1254 716 1426 786 conjecturas
1438 725 1493 770 tam
1508 718 1642 792 ambiguo
1655 721 1814 776 testimonio

1044 801 1164 873 probare
1177 813 1304 870 conatur,
1321 803 1454 856 exstitisse
1474 803 1582 874 cyclum
1603 807 1815 878 gratnmaticurn

1043 907 1059 940 a
1080 887 1232 942 Polemone
1252 889 1398 962 Perlegeta
1417 888 1539 958 editum,
1563 901 1591 944 et
1612 891 1695 948 fuine
1715 905 1814 948 sectam

1046 977 1297 1030 Polemoniorunra
1314 977 1464 1030 Polemone
1478 977 1672 1050 repetendam,
1685 979 1815 1036 eandem-

1044 1081 1097 1134 que
1110 1065 1285 1135 Cyclicorum
1311 1061 1584 1118 dictam.'Persoasit
1609 1065 1682 1120 hane
1703 1077 1815 1123 senten-

1044 1151 1109 1204 tiam
1129 1151 1293 1204 censoribus
1311 1151 1379 1217 suis,
1398 1152 1429 1206 G.
1448 1153 1481 1205 0.
1501 1151 1621 1207 Miillero
1642 1163 1669 1208 et
1689 1155 1815 1224 Ulricio,

1044 1239 1166 1310 itemque
1178 1238 1219 1304 ei,
1235 1238 1283 1308 qui
1296 1254 1386 1309 nuper
1395 1237 1546 1308 disputavit
1558 1238 1594 1292 de
1605 1241 1732 1311 cyclicis,
1742 1245 1816 1297 Lan-

1043 1325 1090 1396 gio
1107 1321 1175 1380 Uel,
1195 1325 1225 1379 d.
1243 1323 1317 1393 lrll.
1336 1322 1432 1378 Dicar.
1449 1342 1477 1396 p.
1493 1322 1539 1381 58.
1558 1324 1645 1380 Nobis
1659 1332 1815 1383 summatim

1044 1419 1170 1482 repetere
1185 1411 1266 1464 liceat
1284 1427 1346 1480 quse
1360 1420 1460 1464 contra
1474 1412 1633 1466 monuimus
1651 1415 1680 1466 in
1697 1412 1814 1486 Ephem.

1047 1497 1111 1554 litt.
1128 1497 1190 1553 Hal.
1212 1515 1236 1551 a.
1259 1495 1343 1564 1837,
1358 1513 1388 1568 p.
1407 1515 1456 1550 rer
1474 1515 1535 1568 sqq.
1554 1497 1612 1552 Ubi
1631 1499 1818 1554 demonstravi

1044 1584 1180 1654 primum,
1194 1585 1300 1638 etiamsi
1315 1583 1361 1637 illa
1375 1583 1460 1637 verba
1473 1594 1548 1638 reete
1561 1584 1713 1653 haberent,
1732 1585 1817 1642 Πολε-

1046 1667 1148 1740 μωνίοις
1165 1666 1182 1737 ἢ
1194 1669 1246 1732 τοῖς
1258 1669 1404 1736 κυκλικοῑς,
1417 1681 1508 1726 tamen
1523 1672 1636 1726 minime
1649 1672 1715 1726 inde
1724 1673 1817 1746 colligi

1045 1777 1125 1831 posse
1137 1758 1250 1814 eosdem
1265 1758 1345 1812 luisse
1358 1759 1406 1830 qui
1421 1758 1573 1810 Polemonii
1587 1757 1719 1813 dicuntur
1729 1770 1757 1814 et
1769 1761 1817 1830 qui

1046 1845 1157 1916 cyclici,
1177 1863 1274 1899 verum
1295 1839 1491 1918 particulamit
1514 1845 1541 1898 in
1560 1846 1647 1900 titulis
1668 1846 1819 1920 allegandis

1046 1933 1208 2004 plerumque
1222 1931 1385 2002 disjunctive
1401 1932 1485 2004 poni,
1498 1933 1575 1986 velut
1588 1950 1632 2004 ap.
1647 1933 1747 1990 Athen.
1764 1935 1818 2002 lll,

1048 2038 1077 2092 p.
1094 2018 1149 2092 95,
1161 2021 1201 2074 F:
1217 2017 1344 2094 μαρτυριῖ
1364 2015 1566 2093 Καλλίμαχοςὴ
1582 2017 1730 2088 Ζηνόδοτος.
1751 2021 1817 2087 XV,

1047 2125 1075 2178 p.
1089 2106 1164 2174 682,
1180 2109 1202 2161 E
1218 2125 1225 2160 :
1241 2107 1371 2178 μέμνηται
1383 2107 1397 2160 ὅ
1410 2103 1443 2161 τὰ
1467 2103 1573 2182 Κύπρια
1587 2104 1637 2173 ἔπη
1653 2105 1820 2176 πεποιηκὼς,

1048 2192 1177 2268 Ἡγησίας
1195 2190 1213 2261 ἢ
1239 2194 1380 2267 Στασῖνος,
1402 2195 1511 2250 similia.
1527 2195 1644 2248 Accedit
1660 2195 1737 2266 quod
1758 2215 1821 2268 quae

1047 2293 1148 2356 praeter
1160 2293 1285 2337 nostrum
1303 2281 1395 2336 locum
1411 2281 1623 2354 deprehendisse
1644 2282 1695 2336 sibi
1709 2283 1822 2340 videtur

1047 2371 1209 2425 Wclclrerus
1222 2371 1335 2442 vestigia
1349 2369 1579 2426 Polemoniorum
1593 2387 1615 2426 s.
1630 2369 1820 2440 cyclicorum‚

1046 2459 1104 2512 haec
1119 2458 1190 2512 adeo
1204 2457 1332 2530 ambigua
1346 2465 1422 2522 sunt,
1437 2466 1468 2511 ut
1487 2457 1596 2510 nonnisi
1619 2457 1820 2528 detorquendo

1047 2545 1132 2600 verba
1153 2557 1182 2600 et
1203 2543 1239 2598 ad
1255 2562 1333 2600 suam
1351 2544 1515 2598 sententiam
1540 2544 1678 2598 violenter
1698 2544 1822 2616 aptando

1047 2633 1168 2706 aliquam
1183 2631 1234 2685 sihi
1249 2631 1372 2684 veritatis
1384 2631 1502 2702 speciem
1517 2629 1668 2686 conciliare
1686 2633 1821 2702 potuerit.

1047 2721 1129 2774 Velut
1142 2721 1165 2773 si
1180 2718 1255 2792 apud
1273 2717 1437 2790 Hesychiurn
1452 2719 1583 2792 leguntur
1595 2735 1618 2773 s.
1638 2736 1666 2771 ν.
1684 2715 1823 2790 Παλαμές,

1048 2803 1180 2884 τεχνίτης,
1193 2803 1265 2882 παρὰ
1278 2811 1331 2869 τοῖς
1345 2802 1512 2877 παλσμνὶοις,
1523 2803 1689 2860 Welckerus
1698 2805 1825 2862 scriben-

1048 2895 1116 2951 dum
1137 2913 1194 2951 esee
1208 2903 1333 2950 autumat
1354 2887 1427 2968 noph
1451 2890 1504 2955 τοῖς
1526 2887 1715 2964 Πολιμωνίοις,
1735 2911 1823 2965 quum

1048 2985 1113 3039 coll.
1136 2985 1224 3054 Etym.
1241 2983 1280 3038 hl.
1296 3001 1324 3054 p.
1341 2979 1397 3047 647
1410 3021 1418 3048 ,
1432 2985 1485 3048 ίςο,
1501 2979 1636 3051 Αμοίίοιι.
1654 2981 1719 3034 Lex.
1735 2981 1822 3034 Hom.

1070 3112 1077 3126 .
1099 3088 1149 3138 ¹²7
1159 3109 1167 3136 ,
1179 3088 1213 3140 7,
1229 3079 1294 3122 cett.
1310 3076 1439 3140 opertum
1449 3064 1738 3122 sitscrihendumesse
1749 3064 1823 3144 παρὰ

1048 3153 1076 3211 τὸ
1088 3153 1216 3227 παλάμαι.
1231 3153 1341 3210 Deinde
1352 3171 1481 3227 magnam
1494 3155 1620 3226 opinioni
1633 3171 1689 3208 suae
1699 3156 1824 3208 auctori-

1048 3251 1131 3296 tatem
1147 3242 1240 3296 fecisse
1262 3251 1343 3312 putat
1362 3240 1417 3294 hoc
1438 3241 1501 3294 loco
1526 3240 1661 3294 Eustatltii
1684 3259 1713 3312 p.
1734 3247 1825 3314 1494,

1049 3325 1095 3396 55,
1109 3328 1144 3382 nd
1158 3327 1255 3399 Odyss.
1275 3329 1321 3396 lV,
1338 3325 1394 3391 συθ
1415 3346 1421 3380 :
1440 3323 1532 3393 δέκτην
1553 3323 1581 3382 δέ
1595 3323 1760 3403 Ἀρίσταρχος
1775 3325 1825 3399 μέν

1047 3411 1090 3468 τὸν
1104 3409 1213 3480 ἐπαίτην
1234 3408 1317 3482 λέγει,
1337 3409 1410 3488 παρὰ
1425 3411 1454 3466 τὸ
1473 3409 1609 3488 δέχεσθαι,
1629 3410 1686 3468 ὁδί
1704 3411 1825 3476 κυκλικός

1047 3519 1125 3577 φασιν
1137 3497 1215 3573 ἤγουν
1229 3501 1242 3554 δ
1253 3501 1303 3554 τῶν
1318 3497 1430 3555 κυκλίων
1442 3494 1552 3566 ποιητὴς
1566 3498 1725 3572 ὀνοματικῶς
1735 3498 1825 3556 ἀκούει

1047 3583 1094 3654 τὴν
1106 3583 1173 3650 λέξιν
1187 3585 1235 3641 κτλ
1251 3628 1259 3653 ,
1273 3587 1321 3640 ubi
1337 3583 1515 3640 scribendum
1527 3587 1542 3641 δ
1553 3583 1580 3641 δέ
1592 3583 1727 3654 κυκλικδς,
1743 3585 1824 3664 φασίν

1049 3676 1088 3742 (sc
1110 3673 1132 3727 οἱ
1144 3669 1271 3746 παλαιοί),
1279 3669 1355 3745 ἤγουν
1364 3672 1421 3728 κτλ.
1434 3674 1535 3727 flausit
1546 3675 1619 3726 enim
1631 3671 1731 3728 hnc-ex
1742 3673 1824 3730 sebo·
1929 3715 1939 3732 .

1049 3761 1090 3813 liis
1101 3761 1227 3826 veneris,
1247 3779 1308 3832 quer
1323 3777 1355 3812 ex
1369 3759 1434 3815 eod.
1450 3759 1581 3815 ambros.
1594 3763 1628 3830 Q.
1642 3761 1681 3814 sic
1699 3763 1827 3815 enotavit

1048 3847 1153 3918 lllajus:
1171 3846 1200 3902 οὐ
1215 3845 1341 3908 κυκλικῶς
1362 3844 1391 3902 τὸ
1410 3844 1489 3922 δέκτῃ
1506 3846 1665 3920 ὀνοματικῶς
1678 3843 1701 3901 δ’
1718 3841 1824 3916 ἀκούοι,

1048 3931 1109 4010 παρ’
1121 3923 1151 3988 οὗ
1163 3955 1225 4010 φησι
1240 3931 1282 3988 τὸν
1298 3930 1428 3990 Ὀδυσσέα
1443 3931 1476 3988 τὰ
1486 3931 1558 4076 ptine]
1574 3931 1784 4010 μετημφιέσθαι·
1798 3931 1828 3999 ὃς

1048 4021 1093 4078 οὐκ
1103 4011 1134 4090 ile
1146 4023 1172 4078 έν
1184 4019 1240 4084 ταῖς
1249 4017 1325 4074 ναυσὶ
1335 4024 1465 4091 τοιοῦτος,
1476 4041 1489 4076 ο
1500 4021 1549 4082 οςδ
1559 4016 1701 4083 Ὀδυσσεὺς
1710 4019 1825 4096 ἀχρεῖος.

1049 4106 1216 4184 Ἀρίσταρχος
1230 4105 1256 4162 δέ
1272 4103 1348 4182 δέκτῃ
1366 4104 1413 4180 μὲν
1427 4105 1521 4184 ἐπαίτῃ
1538 4108 1613 4180 κτλ,
1629 4109 1678 4180 qui
1699 4109 1778 4162 locus
1792 4127 1828 4164 ex

1048 4194 1176 4266 Didymi,
1185 4213 1268 4268 quern
1279 4195 1424 4266 scripserat
1434 4194 1470 4248 de
1480 4195 1647 4250 lectionibus
1659 4195 1827 4264 Aristarchi,

1048 4283 1247 4336 commentario
1260 4279 1369 4336 fluxisse
1381 4281 1503 4348 videtur,
1514 4300 1603 4353 quum
1612 4283 1648 4335 sit
1656 4281 1692 4336 de
1704 4283 1829 4336 lectione

1048 4369 1198 4424 Aristarchi
1210 4377 1308 4424 contra
1319 4367 1497 4428 Zenodotum
1509 4377 1577 4440 puta
1586 4369 1742 4440 proposita.
1754 4367 1828 4422 lnde

1047 4455 1115 4509 milri
1129 4454 1243 4528 quidem
1255 4473 1314 4508 non
1324 4453 1442 4508 dubium
1455 4455 1628 4509 Eustathium
1643 4453 1827 4508 refutandum

229 4539 372 4594 coaluisse.
389 4567 400 4588 ν
414 4541 626 4598 Valckenarium
638 4551 792 4612 sequuntur
806 4543 903 4614 Heyne
915 4540 951 4595 ad
965 4542 999 4594 Il.
1047 4562 1119 4608 esse,
1133 4544 1190 4597 sive
1201 4543 1260 4597 haec
1276 4543 1380 4597 scholia
1396 4544 1425 4596 in
1439 4542 1530 4596 minus
1542 4542 1621 4596 bono
1634 4541 1763 4614 exemplo
1782 4541 1827 4595 le-

229 4621 285 4694 lll,
305 4627 375 4696 243,
394 4627 523 4682 Wiillner
537 4629 556 4681 l.
571 4647 612 4696 ο,
634 4629 735 4682 hliiller
751 4629 792 4684 De
813 4629 893 4700 cyclo
907 4647 936 4704 p.
953 4629 1000 4684 30.
1047 4631 1132 4703 gerit,
1148 4631 1205 4684 sive
1217 4631 1242 4684 ei
1255 4628 1401 4684 offensioni
1414 4627 1468 4683 suit
1480 4627 1552 4684 illud
1562 4628 1591 4684 οὐ
1603 4627 1744 4696 κυκλικῶς,
1763 4647 1828 4700 quae

261 4873 350 4924 Helene
361 4875 392 4924 ab
405 4875 539 4925 Alexandro
549 4881 616 4940 rapta
624 4889 699 4939 quum
712 4877 830 4940 ignoraret
838 4877 901 4942 quod
914 4879 1005 4930 interea

230 4951 351 5001 Dioscuris
381 4952 494 5000 tratribus
517 4953 635 5002 occiderat
653 4953 825 5014 intortunium,
843 4967 893 5016 prm
913 4953 1003 5016 pudore

162 5073 166 5080 ,
229 5027 406 5090 ipsiusputabat
416 5041 456 5077 eos
465 5030 548 5076 contra
560 5029 683 5078 tliuronon
693 5032 812 5092 protectos
823 5043 882 5090 esse,
890 5031 1002 5093 quoniam

227 5103 278 5164 ient
290 5108 358 5154 entra
368 5119 381 5152 a
391 5106 480 5154 Theseo
491 5107 557 5166 repta
570 5107 643 5165 esset,
659 5108 693 5154 uti
706 5120 775 5167 supra
786 5107 894 5156 distreus.
909 5111 1007 5169 Propter

1049 4793 1114 4841 hunc
1129 4797 1222 4854 raptum
1239 4792 1362 4854 Aphidna,
1380 4791 1465 4841 attico
1478 4791 1551 4850 urbe,
1561 4793 1655 4840 valate
1667 4793 1692 4840 et
1701 4793 1787 4840 Castor
1796 4791 1830 4838 ab

1049 4872 1157 4936 Aphtduo
1174 4885 1229 4934 rege
1245 4873 1270 4922 in
1282 4873 1370 4922 temore
1385 4871 1471 4921 dextro
1488 4869 1629 4920 vulneratus
1639 4873 1688 4932 est,
1705 4871 1732 4920 et
1749 4883 1829 4931 quum

1048 4951 1165 5002 Piraeeum
1176 4949 1253 5012 ipsum
1262 4961 1309 4998 ισιι
1317 4947 1521 5010 deprehenderent
1528 4947 1646 5006 Dioscuri,
1656 4947 1761 4996 athenas
1769 4945 1829 4996 diri-

1049 5029 1158 5088 puerunt.
1172 5026 1273 5074 Historia
1281 5025 1344 5088 apud
1353 5026 1505 5074 Polemonem
1515 5025 1552 5074 rel
1562 5022 1633 5074 etiam
1642 5023 1705 5085 apud
1718 5023 1832 5086 cycttcos

1051 5109 1074 5155 et
1086 5119 1114 5153 ex
1128 5107 1194 5166 parte
1204 5105 1266 5166 apud
1279 5105 1415 5153 tiemonem
1429 5105 1528 5166 lyricum
1542 5105 1629 5153 exstat.
