3886 5740
796 349 1045 410 FRAGMENTA.
1672 364 1727 413 orr

131 481 261 559 Λογισμῷ
279 478 306 538 δί
330 477 459 538 πιστεύων
482 477 546 559 ἀνὴρ
572 476 734 556 βιόαιότερος
756 477 774 550 ἢ
796 480 908 556 ἀμαθίας
954 477 1149 536 ἀποθανόντων
1164 479 1378 558 άρισταπολίμφ
1391 481 1562 556 ὡμιληκότων
1579 483 1624 541 καί
1637 493 1729 561 πεῖραν

131 567 253 647 σχήματι
265 566 380 644 [λήματι
402 568 456 644 Β.)
477 565 540 645 πρός
560 564 607 630 τάς
626 565 736 636 ἀδήλους
759 565 838 644 φοράς
855 572 907 626 τῶν
952 564 1162 643 παρασχομένων
1175 570 1220 622 τοῦ
1232 576 1316 637 νικᾶν,
1329 567 1374 624 καί
1392 569 1521 626 ταῦτατὸ
1539 570 1611 636 dial<
1630 573 1655 636 ἀς
1672 571 1730 639 τούς

129 653 294 733 πραγμάτων
306 651 489 734 ίξορμύιμινος.
504 651 540 712 li
549 653 611 710 τιίν
619 660 671 718 τοῖς
682 650 804 726 πολέμοις
818 675 906 710 συντυ·
952 649 1082 716 κινδύνους
1095 653 1122 708 ἀν
1134 654 1171 731 τῷ
1183 650 1225 709 διδ
1239 651 1319 724 μέσου
1332 655 1362 712 le
1374 658 1421 722 τῆς
1432 657 1483 712 τῶν
1494 659 1588 734 τειχῶν
1600 658 1728 736 ὀχυρότη-

129 740 189 820 χίαι
204 737 222 812 ἢ
237 739 305 798 κατά
319 739 348 798 τό
365 742 506 818 ἀναγκαῖον
517 740 564 810 τὴν
578 739 678 808 τόλμαν
696 740 809 809 διδόασιν
828 741 906 809 ίξιοῦ·
953 759 996 802 τος
1010 736 1133 816 ίχοντας,
1145 735 1243 814 πρᾶξαί
1257 761 1282 796 τι
1295 739 1368 817 παρὰ
1382 739 1429 810 τὴν
1444 745 1489 800 τοῦ
1504 741 1626 820 ἄρχοντος
1637 745 1730 803 καταί-

129 850 171 886 σιν
184 829 210 894 ἀς
223 825 280 893 τοῦς
293 827 431 899 κινδύνους,
443 826 461 898 ἢ
476 827 562 891 ἀδείας
575 825 709 906 περιουσία
721 826 768 899 τὴν
783 827 849 904 μετὰ
862 837 908 888 τοῦ
952 845 1031 894 νεσιν,
1042 821 1091 880 κάν
1100 845 1138 902 τιρ
1149 823 1253 898 ἀμεινον
1265 806 1330 904 ἐκῦῇ
1337 869 1345 897 ,
1356 827 1404 884 οὐκ
1413 827 1584 898 ἀνεπίκλητον
1594 830 1676 910 ίφάνη
1688 833 1729 889 διό

129 917 264 996 ἀσφαλοῦς
277 912 379 972 σύνεσιν
393 913 568 995 παρίχονται,
583 917 618 982 ὥς
627 913 664 988 μὴ
676 914 722 974 σὺν
737 914 789 974 δίει
802 939 826 974 ει
838 918 906 992 μᾶλ.
952 931 981 965 τε
990 907 1019 966 τὸ
1031 907 1164 976 δυσπειθὲς
1180 909 1210 968 τδ
1221 910 1281 988 περί
1294 911 1338 969 τὸν
1354 912 1555 994 προστάξαντα,
1571 917 1617 976 καί
1630 917 1670 976 ότι
1682 917 1728 977 σῦν

129 1003 176 1060 λον
193 999 355 1079 θμεεεφμίνως
364 999 381 1071 ὴ
391 999 538 1081 προμηθείᾳ
552 999 660 1079 πρᾶξαι,
952 999 990 1075 τῷ
1004 995 1143 1076 ἀμφιόόλιρ
1156 1001 1201 1054 τοῦ
1216 999 1414 1074 κινδυνεύματος
1427 1003 1591 1082 ἐπεχειρήθη.

171 1115 183 1142 ι
200 1088 367 1166 Λογιζόμενοι
380 1087 407 1146 δί
421 1087 482 1147 τάδε
495 1088 531 1163 μὴ
540 1087 577 1146 ίτε
595 1085 658 1170 πρδς
673 1089 766 1167 ἄνδρας
781 1091 805 1156 ἀς
819 1091 907 1168 ἀγῶνα
993 1109 1005 1132 ι
1018 1083 1049 1142 El
1059 1083 1087 1140 δά
1096 1105 1134 1148 τις
1143 1083 1391 1161 προαστείωντεκαί
1402 1088 1607 1164 ἐνδιαιτημάτων
1618 1091 1730 1174 τίρψεως

129 1178 190 1236 κατ’
206 1175 318 1256 ἐρημίαν
334 1178 386 1233 τῶν
398 1175 602 1254 συλληψομένων
613 1177 694 1256 ἐχυρᾷ
712 1175 818 1252 δυνάμει
832 1177 908 1245 ἐξιόν.
954 1168 1177 1250 ἀποστερούμενος
1190 1170 1310 1248 άχθεται,
1324 1173 1369 1231 καί
1381 1171 1429 1232 dou
1443 1177 1555 1236 πλούτου
1567 1179 1730 1254 ἀγκαλλωπί·

129 1288 178 1330 τας
199 1263 351 1340 ίίπιόνταςδ
364 1266 413 1342 Β.)
428 1263 473 1322 καί
491 1266 576 1341 πολλῇ
594 1262 640 1338 μὲν
654 1261 741 1344 ίππῳ,
755 1267 860 1332 πολλοῖς
880 1264 908 1323 δὲ
955 1277 1053 1329 σματα,
1063 1255 1153 1332 γνώτω
1163 1256 1192 1314 τὸ
1204 1256 1378 1348 μὲνηάλγεινδν
1388 1263 1423 1327 εἰς
1431 1261 1516 1339 ὀλίγον
1525 1287 1553 1322 τε
1564 1265 1609 1322 καί
1618 1269 1644 1325 ἀν
1652 1268 1731 1348 ὀλίγῳ

129 1351 251 1417 ὁπλίταις
271 1351 316 1410 καὶ
330 1353 413 1430 ψιλοῖς
426 1350 700 1430 παρεσκευασμάνους,
720 1351 759 1410 ἔτι
772 1351 798 1409 δλ
815 1355 907 1432 πεῖραν
952 1339 999 1411 eds
1011 1341 1130 1411 οἶοθηοοο
1141 1333 1223 1418 οἷοοο,
1238 1349 1280 1402 οίο
1293 1345 1325 1416 δὴ
1338 1349 1364 1404 ἓν
1380 1350 1526 1425 οίοοοδομοῖς
1544 1351 1672 1427 κείμενον,
1687 1358 1731 1414 καὶ

128 1437 277 1515 πολεμικὴν
303 1437 429 1519 φοόερούς
451 1437 496 1496 καὶ
518 1437 647 1514 σωμάτων
661 1438 719 1518 όψει
739 1437 848 1511 δεινούς,
863 1440 908 1498 καί
953 1431 1732 1518 ἧρῶοοῦδῑίῑροοροῢἷπῑοοηοορὲοοοοιῶςίοῶοίῧιίκωλῧ·

129 1525 219 1584 ὅπλων
234 1524 381 1596 ἀνασείσας,
397 1527 517 1591 ἀπειλαῖς
525 1548 554 1584 τε
565 1525 609 1582 καί
626 1529 686 1605 βοῆς
696 1524 798 1603 μεγέθει
812 1529 907 1598 laqus„-
954 1515 998 1573 σαί
1003 1539 1031 1574 τε
1039 1515 1081 1574 τδν
1088 1519 1305 1588 παντελῆτυύτων
1312 1523 1457 1601 ἀφανισμόν
1464 1525 1508 1582 καὶ
1517 1527 1658 1587 ἀναλαόεῖν
1665 1530 1732 1588 αιίτά

129 1613 224 1680 τάτους
243 1609 440 1693 προεκφοῦῆσαι
459 1611 518 1680 τοὺς
537 1615 640 1690 πρῶτον
663 1613 689 1679 ίς
707 1612 798 1680 αὐτοὺς
812 1614 906 1680 ἰόντας.
954 1603 1090 1682 ἀοψίλοῑοο
1102 1609 1148 1674 τῆς
1163 1607 1194 1662 ίοο
1204 1605 1296 1666 οοῦοοο
1307 1609 1432 1686 χορηγίας
1444 1613 1492 1670 οὒκ
1506 1613 1648 1688 ἀδυνάτων,
1661 1616 1690 1674 τὸ
1704 1618 1731 1675 δὲ

130 1702 180 1770 Μὴ
202 1699 233 1769 δὴ
251 1698 315 1777 πρὸς
336 1698 427 1756 τούσδε
441 1697 690 1777 ἀποκινδυνεύεητε,
705 1699 760 1768 ἐξὸν
783 1701 836 1758 ἀπὸ
856 1705 907 1760 τῶν
953 1693 998 1760 τῆς
1007 1690 1485 1771 eprslpoeoomplce{contricionem
1496 1700 1641 1777 ἰασόμενοι.
1649 1702 1732 1764 Ὅθεν

129 1789 224 1866 τειχῶν
238 1785 284 1844 σὺν
296 1787 425 1866 ἀσφαλείφ
441 1787 593 1862 ἀμύνεσθαι,
610 1786 665 1846 Καὶ
680 1786 730 1865 γάρ
745 1791 761 1858 ἡ
774 1787 846 1854 ἐλπίς
855 1792 908 1855 τοῖς
954 1781 986 1854 τῇ
1000 1777 1150 1856 οοορ(ουτίοιο
1163 1778 1285 1856 diffidit*
1297 1778 1326 1838 τί)
1336 1783 1372 1847 οἶς
1387 1781 1457 1840 ἕπον
1467 1785 1581 1866 ἅοφολίς
1596 1791 1730 1858 ἀντιτιθεὶς

129 1877 233 1952 πρῶτον
256 1875 281 1940 ἐς
300 1873 389 1952 μάχην
404 1875 485 1932 λοῦσιν
508 1871 613 1951 ἰσχυρόν
633 1897 658 1931 τι
677 1873 761 1942 ἔδοξεν
783 1866 909 1933 εἶναικαὶ
955 1862 1023 1921 οὗοοο
1043 1865 1195 1942 δοθοζὲοθοοι
1217 1866 1282 1926 δοοῖο
1296 1867 1363 1944 μηδά
1378 1871 1402 1936 ίς
1415 1871 1529 1949 πόντος,
1546 1875 1604 1933 ἀλλ’
1616 1874 1672 1934 ὅσοι
1688 1878 1732 1934 δυ·

130 1957 366 2042 προσαγωγόταταν
382 1963 417 2026 είς
435 1961 609 2039 κατόρθωσιν·
622 1961 680 2018 ἀλλ’
694 1963 720 2018 ἐν
731 1970 784 2028 τοῖς
796 1985 909 2043 περιφα-
954 1949 1026 2006 οοοοῖ
1041 1949 1071 2009 το
1085 1951 1200 2030 λοοοθρίοο
1212 1951 1259 2024 οδ*
1273 1954 1404 2036 ἀθοροράο
1418 1958 1490 2036 lxii,
1505 1960 1568 2039 παρ’
1578 1953 1615 2029 οἷς
1625 1963 1731 2043 πλούτῳ

130 2047 263 2113 νεστάτοις
276 2045 349 2128 ὤφθη
363 2048 387 2121 ',
403 2046 465 2105 ὅταν
485 2051 523 2126 τῷ
537 2049 624 2120 άληθ..
639 2049 745 2126 (ἀληθεῖ
758 2050 811 2122 Ν.)
824 2050 910 2127 μάχη.
955 2037 1074 2116 ἰσχύουσι
1083 2037 1129 2097 καί
1141 2037 1201 2098 ἀνευ
1213 2045 1259 2098 τοῦ
1273 2041 1400 2122 ἡμετέρου
1413 2054 1507 2124 ταχεῖα
1518 2051 1569 2106 τῶν
1582 2051 1733 2130 ἀφαιρεθέν-

129 2160 186 2196 ται.
201 2135 319 2205 Εὔδηλον
331 2134 358 2194 δί
372 2133 471 2212 δήπου,
490 2127 578 2211 οἶμαι,
592 2133 681 2200 ὡςκάν
692 2135 744 2204 τοῖς
765 2135 790 2204 ίξ
804 2131 910 2196 ίσουοῦ·
954 2149 1006 2182 τωο
1024 2125 1195 2204 ἣδῑορθοοοος·
1240 2129 1375 2189 Ποοοῖίοο
1398 2132 1430 2203 δῦ
1452 2127 1496 2190 οὖν
1516 2137 1576 2210 “till’'
1594 2139 1673 2206 οῆοοο
1687 2143 1733 2209 Τῗις

130 2237 174 2273 σιν
189 2215 249 2272 ἀνευ
271 2219 419 2292 στρατηγοῦ
432 2213 502 2289 κατὰ
521 2213 602 2281 μόνας
618 2215 825 2274 ἀποκινδυνεύειν
840 2239 907 2296 σφα·
955 2215 1051 2290 ὁρμῆς,
1065 2216 1088 2271 εί
1103 2214 1170 2290 μήτε
1187 2219 1287 2284 ἑαυτοῖς
1300 2217 1443 2285 ίπιόούλως
1459 2219 1504 2278 καί
1521 2223 1546 2288 ἐς
1563 2223 1607 2281 τὸν
1619 2223 1733 2304 ἄρχοντα

129 2292 290 2372 λερώτατον·
302 2292 332 2350 τὸ
342 2293 369 2352 δὲ
381 2291 431 2350 ὑπὸ
440 2291 549 2370 ἡγεμόνι
565 2315 593 2350 τι
605 2291 713 2370 ἄγεσθαι
725 2293 769 2352 καί
781 2297 806 2362 ἀς
818 2317 909 2354 κοινω-
955 2299 1075 2367 ίναντίως
1089 2300 1235 2381 πράσσετε,
1249 2303 1294 2361 καί
1308 2303 1370 2362 τίσω
1390 2310 1484 2385 τειχῶν
1499 2309 1628 2382 μενττίον.
1644 2291 1732 2388 ‘bipede

129 2378 187 2436 νίαν
202 2379 273 2449 ἥκειν
287 2378 382 2458 ἑτέροις
401 2382 446 2437 τοῦ
467 2375 585 2436 κινδύνου
607 2377 633 2436 ἔν
647 2401 676 2436 τι
689 2379 845 2455 ίνθυμήσεσι
859 2385 908 2440 κάν
955 2385 982 2444 δὲ
996 2384 1053 2444 οότι
1071 2391 1267 2470 τῇπαρασκιυῇ
1280 2391 1337 2450 οὔτε
1352 2393 1408 2460 ταῖς
1418 2393 1534 2472 γνώμαις
1547 2401 1594 2469 τῆς
1607 2401 1657 2456 τῶν
1679 2422 1734 2458 μοι.

129 2467 184 2534 τοῖς
201 2465 283 2546 ἔργοις
298 2465 502 2546 ἀσφαλίστατον,
522 2465 613 2545 ρφδίαν
634 2465 693 2546 ίχον
711 2466 759 2538 τὴν
778 2468 851 2546 παρά
864 2475 909 2528 τοῦ
954 2477 1004 2532 νῶν
1019 2475 1149 2556 σωτηρίας
1167 2477 1343 2557 ἀφεστηκότας
1357 2481 1450 2560 ὀλίγως
1474 2485 1579 2564 ἡμερῶν
1593 2489 1732 2558 mmm.

129 2551 212 2619 πάλας
226 2552 409 2632 ἐπανόρθωσιν.
427 2552 551 2631 Κρεῖττόν
564 2575 592 2611 τε
604 2551 650 2611 σῦν
664 2553 742 2634 ίτίρῳ
753 2561 909 2635 κατορθοῦν·
956 2561 1047 2636 μένους
1057 2561 1113 2637 ἅμα
1127 2567 1160 2642 τῇ
1172 2564 1280 2641 δυνάμει
1294 2566 1425 2642 ἐλπίζετε,
1437 2569 1482 2628 καί
1494 2569 1556 2630 τίσω
1563 2575 1657 2652 τειχῶν
1663 2574 1697 2632 τά
1710 2578 1736 2642 ἐς

129 2663 177 2706 τας
191 2639 264 2712 δόξης
278 2639 384 2698 ἔλαττον
403 2639 483 2718 ‘zuis
502 2639 519 2710 ἢ
540 2639 601 2719 δῖχο
617 2646 662 2698 τοῦ
676 2647 824 2722 προμηθοῦς
842 2644 910 2704 κατὰ
954 2647 1002 2720 τὴν
1014 2654 1058 2708 τοῦ
1066 2647 1159 2717 ίξωθιν
1167 2653 1263 2728 ἀγῶνος
1272 2653 1431 2732 κατόρθωσιν
1441 2661 1505 2733 ἡμῖν
1514 2658 1633 2734 μελήσει.
1647 2662 1735 2740 Προα-

130 2727 213 2804 μόνας
223 2727 438 2807 ἀπιχειρήσαντας
448 2730 589 2808 σφαλῆναι.
602 2727 656 2788 Καὶ
666 2730 773 2796 ἀπόντος
784 2729 831 2804 μὲν
843 2731 909 2790 πολὺ
956 2735 1121 2794 ποδείκνυται
1133 2736 1160 2795 δί
1182 2741 1212 2796 οθ
1233 2740 1323 2820 πόρρω
1336 2747 1381 2800 τοῦ
1402 2745 1512 2814 ἀληθοῦς
1526 2737 1592 2804 εἶναι
1606 2746 1635 2805 τδ
1651 2747 1735 2826 ἀπάγ-

131 2814 186 2872 ἀπδ
204 2819 274 2896 σφῶν
293 2819 337 2872 τοῦ
363 2813 593 2885 ίπιῦοηθήσοντος,
616 2807 657 2872 οἷα
682 2815 713 2886 δὴ
735 2818 909 2892 μονωθέντας,
956 2822 1041 2898 γελμα
1056 2824 1085 2880 ἐκ
1106 2827 1158 2882 τῶν
1179 2825 1243 2906 πρδς
1258 2829 1398 2888 libencio
1412 2831 1592 2911 πραχθέντων,
1617 2835 1641 2893 εἴ
1655 2858 1684 2912 γε
1698 2835 1735 2912 μὴ

131 2901 228 2982 δρᾶσαί
252 2925 278 2960 τι
299 2899 344 2960 σύν
368 2899 487 2982 εὗχερείφ
507 2898 672 2979 σύγγνωμον·
693 2903 792 2982 ἀνδρῶν
815 2903 843 2961 δὲ
864 2908 910 2964 οὐκ
955 2911 1298 2991 μιγαληγοριῖσθαιδεηοει.
1315 2916 1373 2994 Χρὴ
1388 2917 1415 2974 δὲ
1432 2921 1523 2986 ἐντοῖς
1537 2921 1727 3000 μεγίστοιςτῶν

143 3019 1727 3054 Ἥ

131 3070 176 3118 Vir
187 3070 230 3132 qui
248 3053 334 3120 m'entio
345 3070 416 3120 nixus
428 3071 527 3119 consilio
542 3072 592 3130 est,
605 3071 763 3120 constantiam
773 3071 848 3134 magis
862 3086 911 3122 ser·
956 3077 1029 3137 quid,
1041 3079 1177 3140 ignoscibile
1190 3085 1226 3132 est
1241 3101 1247 3132 ε
1260 3095 1344 3132 verum
1357 3084 1478 3134 enimuero
1487 3087 1506 3135 si
1516 3100 1589 3150 prope
1603 3088 1682 3140 adoiru
1691 3089 1734 3138 riri

132 3149 187 3208 vat,
201 3159 274 3209 quem
283 3148 304 3196 is
313 3147 354 3210 qul
363 3147 529 3208 imperitorum
539 3147 587 3196 rllu
599 3148 691 3197 lacertu
703 3161 783 3198 rerum
793 3151 874 3199 cursui
886 3165 912 3200 ee
957 3153 1019 3202 bello
1032 3157 1123 3218 egregie
1137 3159 1235 3208 exercitl
1245 3165 1268 3208 el
1281 3161 1385 3210 victoriis
1396 3161 1509 3224 adsueti3¹
1519 3167 1543 3212 el
1552 3163 1571 3213 si
1583 3165 1737 3230 prasertim

131 3223 271 3274 committit.
284 3227 360 3274 casus
370 3223 447 3272 bellici
456 3225 493 3273 rel
507 3227 615 3273 coactam
625 3225 750 3274 audaciam
762 3226 791 3276 iis
799 3227 912 3289 suppedi·
958 3233 1076 3296 periculo,
1091 3235 1185 3297 objecta
1201 3238 1318 3288 munium
1335 3239 1462 3302 firmitate,
1478 3242 1628 3294 interimtuli
1645 3243 1736 3304 slmus3

132 3305 203 3364 tant,
217 3303 257 3365 qui
271 3303 376 3366 pericula
389 3303 492 3362 adeunt,
507 3303 635 3352 ueloblata
648 3303 914 3368 immunitaleprudeu·
958 3311 1016 3358 trino
1034 3313 1075 3373 qui
1093 3314 1183 3376 aliquid
1199 3319 1286 3378 prater
1298 3316 1367 3366 ducis
1382 3317 1502 3368 dictamen
1520 3320 1590 3382 lacit,
1602 3320 1692 3370 etiamsi
1713 3321 1736 3368 id
1763 3323 1773 3336 ⁰

134 3381 193 3429 iiam
203 3393 259 3428 cum
273 3379 401 3429 securitate
411 3379 539 3440 exiribeut;
558 3379 592 3429 ila
609 3383 636 3429 ut
647 3381 697 3441 jam
712 3394 808 3432 necesse
820 3396 868 3432 uon
883 3384 914 3433 sit
958 3386 1019 3435 forle
1035 3391 1154 3451 evenerit,
1165 3393 1290 3454 culpabilia
1301 3397 1346 3454 est,
1358 3397 1409 3444 tum
1422 3399 1518 3460 propter
1536 3396 1736 3458 inobedientiam,

133 3457 259 3506 subitaneo
268 3457 347 3518 poliru
356 3469 507 3519 operequem
519 3457 615 3518 proviso
625 3457 722 3507 consilio
731 3471 808 3520 agere.
958 3463 1010 3509 ium
1021 3465 1077 3524 qula
1086 3479 1111 3514 se
1122 3466 1146 3514 in
1159 3469 1296 3528 anrbiguum
1308 3470 1436 3519 discrimen
1448 3472 1556 3532 conjecit.

166 3555 179 3580 ι
189 3539 248 3586 llrec
269 3535 341 3598 igitur
352 3537 502 3598 reputantes,
518 3549 549 3584 ue
567 3539 687 3584 certarnen
697 3537 781 3586 ineatis
791 3537 834 3599 ipsi
843 3539 914 3586 auxi·
990 3559 1003 3582 ι
1017 3541 1108 3596 Quodsi
1125 3544 1179 3604 quis
1190 3545 1333 3595 suburbanis
1343 3547 1393 3596 suis
1409 3548 1581 3610 irorlorumque
1597 3551 1735 3600 amoenitali·

135 3617 173 3666 lils
185 3615 292 3666 destituti
313 3614 427 3664 adversus
438 3615 547 3663 homines
557 3615 598 3676 qui
614 3615 715 3664 lontibus
729 3616 803 3678 copiis
819 3629 913 3678 preru-
959 3615 1004 3666 bus
1013 3621 1086 3680 atquc
1094 3619 1210 3682 ejusmodi
1220 3621 1358 3672 divitiarum
1366 3626 1513 3674 ornamentis
1520 3627 1633 3688 spoliatus
1642 3631 1738 3688 maurel,

135 3701 200 3759 lent,
222 3698 311 3759 quique
335 3697 413 3746 inulto
434 3697 543 3758 equitatu
564 3697 688 3759 multoque
708 3697 788 3759 pravis
807 3697 915 3759 levisque
958 3693 979 3742 is
990 3695 1062 3744 velim
1074 3697 1146 3757 sciat,
1158 3699 1290 3748 molestiam
1299 3701 1397 3760 quidem
1409 3702 1506 3752 brevem
1520 3703 1646 3766 exiguique
1657 3719 1739 3754 smsus

134 3779 264 3828 armature
279 3776 355 3826 milite
366 3775 475 3826 instructi
486 3779 543 3826 sunt
562 3779 665 3827 :contra
676 3777 794 3838 homines,
806 3777 914 3839 iuquam,
960 3772 1026 3821 lore:
1042 3775 1095 3823 tum
1113 3777 1169 3837 qrria
1188 3775 1212 3824 in
1231 3777 1339 3826 edificiis
1356 3779 1468 3839 vertitur,
1480 3781 1533 3829 turn
1551 3781 1681 3843 quinbrevi
1696 3799 1739 3836 noo

135 3856 218 3918 peritia
239 3868 335 3918 quoque
358 3855 443 3904 bellica
463 3855 625 3904 formidabiles
637 3858 800 3918 etcorporum
817 3857 914 3918 aspectu
959 3849 1079 3901 aderimus
1092 3852 1123 3901 ad
1135 3853 1306 3915 prohibendam
1319 3854 1404 3904 borum
1416 3855 1579 3906 oronimodam
1593 3859 1739 3918 unalitatem,

135 3932 265 3993 terrificos,
276 3933 330 3980 tum
341 3934 497 3982 etarrnorum
509 3933 588 3980 sonitu
598 3935 622 3982 et
634 3933 704 3982 ruinis
717 3934 742 3982 et
753 3932 916 4000 prolanditaie
960 3926 1102 3992 structusque
1122 3944 1206 3980 comm
1230 3931 1354 3981 allluenles
1375 3933 1504 3994 nliqunndo
1524 3945 1663 3996 recuperare
1685 3949 1738 3996 pos·

135 4011 246 4061 clamoris
256 4009 325 4058 valde
332 4009 428 4060 idoneos
437 4010 466 4058 ad
478 4011 680 4070 eosterritandos,
691 4012 731 4072 qui
740 4011 916 4074 primocumiis
959 4019 1057 4066 sumus.
1069 4019 1148 4070 neque
1164 4012 1251 4058 restrae
1267 4009 1352 4058 salutis
1368 4009 1496 4058 discrimen
1514 4021 1608 4072 semper
1625 4013 1738 4062 manebit.

136 4089 283 4151 pueliaulur.
296 4087 415 4138 Aduersus
424 4087 476 4148 laos,
489 4088 598 4150 inquam,
616 4101 646 4135 ne
658 4087 709 4136 acic
719 4089 846 4149 periclitari
860 4088 917 4138 veli-
961 4089 1041 4143 Quare
1052 4088 1215 4149 unnsquisque
1226 4101 1281 4137 oum
1295 4089 1406 4150 presenti
1417 4089 1526 4138 molestia
1537 4089 1645 4150 perbrevi
1655 4101 1739 4152 perpe-

135 4169 167 4216 lis
175 4205 182 4227 ,
190 4163 384 4230 quandoquidem
393 4165 512 4214 monibus
520 4167 574 4214 tulo
583 4167 675 4213 vosmet
682 4165 779 4226 potesta
785 4169 914 4228 protegere.
960 4168 1026 4214 iuaru
1036 4165 1188 4216 securitatem
1196 4166 1351 4226 contendens,
1361 4178 1443 4214 ευυυιιι
1450 4169 1552 4227 reputet,
1560 4167 1739 4218 lucorumodum

137 4245 231 4294 Etenim
240 4257 293 4306 spes
304 4255 416 4304 magnum
427 4243 917 4303 babereellicaxquemomeulumrldetur
962 4243 1008 4291 lroc
1026 4257 1073 4292 nou
1094 4244 1125 4292 ad
1141 4257 1225 4293 omnes
1242 4245 1374 4306 pertinere,
1393 4243 1435 4293 sed
1448 4244 1479 4292 ad
1492 4257 1533 4294 eoo
1546 4243 1587 4306 qui
1603 4243 1691 4294 divitiis
1704 4245 1740 4293 nl·

137 4323 195 4372 iniis
201 4323 240 4384 oiri
246 4321 378 4384 primumin
387 4321 621 4384 prmlirrurprodituri
630 4322 686 4371 suut
695 4322 725 4372 ad
732 4335 782 4370 rem
789 4322 916 4382 gerendam
961 4321 1053 4380 uurrnt,
1066 4324 1091 4370 et
1109 4320 1151 4383 qui
1163 4319 1215 4369 eine
1224 4323 1304 4370 nostra
1316 4322 1387 4370 etiam
1403 4335 1449 4383 ope
1460 4321 1603 4370 detrimenta
1613 4333 1657 4369 sua
1673 4322 1741 4370 lacile

138 4401 763 4464 leticiter;rerumeainclarissimieririsdeceplaest,
772 4414 917 4464 quumvcrm
962 4399 1139 4450 instaurabunt.
1152 4403 1214 4462 lirgo
1225 4413 1240 4450 a
1251 4400 1368 4462 precipiti
1386 4400 1432 4448 boc
1450 4399 1549 4448 consilio
1560 4398 1679 4458 desistile;
1698 4401 1741 4450 nial

139 4495 218 4530 rerum
228 4479 313 4529 rationi
325 4483 448 4544 repugnat.
457 4481 503 4532 scd
510 4482 573 4530 enlm
583 4481 734 4544 exploratum
744 4481 802 4533 milri
812 4481 916 4540 uidetur,
963 4477 1023 4525 [οπο
1036 4477 1060 4526 in
1072 4480 1164 4526 vosmet
1176 4477 1219 4540 lpei
1233 4476 1377 4538 coniuratis,
1391 4479 1415 4526 et
1435 4476 1480 4526 nisi
1494 4476 1581 4524 educe
1594 4478 1675 4538 aperie
1687 4475 1743 4526 ded·

139 4573 193 4608 cunr
201 4558 400 4622 paribusqucque
409 4560 670 4622 olneducesiugillalim
678 4562 770 4610 tentare
780 4559 917 4609 bolllaleum
962 4553 1028 4615 citis;
1041 4555 1115 4616 atque
1124 4553 1187 4604 iutra
1195 4555 1285 4604 muenia
1297 4554 1427 4604 consistite.
1438 4557 1486 4604 lios
1494 4555 1660 4616 euteruneque
1670 4555 1743 4604 armis

140 4637 364 4699 periculosissimum
376 4639 426 4687 lore
438 4658 444 4688 ι
454 4643 614 4690 recusantem
625 4639 687 4694 duee
697 4638 760 4701 regi,
771 4637 918 4700 periculique
962 4645 1041 4694 neque
1053 4633 1174 4682 voluntate
1193 4633 1313 4696 publicam
1329 4633 1431 4682 salutem
1446 4633 1597 4693 deserturos,
1608 4645 1743 4696 paucosque

139 4718 215 4766 socios
226 4715 357 4766 admiscere
368 4719 420 4766 turn
434 4718 458 4768 ln
470 4717 623 4770 deliberando
637 4723 690 4768 uum
705 4719 729 4768 in
745 4717 837 4779 agendo
848 4717 918 4766 tntis·
964 4713 1016 4772 post
1026 4709 1078 4760 dies
1086 4709 1211 4760 adiuturos
1221 4723 1277 4760 cum
1296 4711 1402 4760 exercitu
1413 4709 1671 4772 ενουῑοςοινοθυυυο
1682 4711 1743 4760 inira

139 4795 225 4843 nimum
238 4795 274 4844 εες
280 4831 288 4856 ‚
299 4795 414 4856 quoniam
428 4795 458 4846 pe
467 4797 577 4858 proximo
588 4797 703 4859 puppem
715 4795 811 4845 adsum,
824 4797 854 4844 gt
864 4795 917 4863 (μη.
964 4789 1219 4852 numniamaneniibua,
1227 4787 1744 4851 coronulislorepumamlorliterinapeuo

140 4871 314 4934 deuictarum,
324 4871 422 4934 rebene
432 4887 488 4922 cum
497 4875 648 4935 melopoeia,
659 4875 730 4936 paulo
740 4874 855 4922 minorem
867 4874 917 4934 glo·
963 4881 1048 4928 carupo
1060 4867 1179 4916 cernendi.
1194 4871 1267 4917 Porro
1281 4870 1375 4916 constat
1392 4867 1545 4928 sponsionem
1557 4869 1664 4915 nostram
1680 4867 1743 4914 lraud

141 4949 342 5010 riulnssunsequl,
358 4963 431 5012 quam
450 4951 613 5014 imprudenter
632 4954 657 5000 el
673 4951 776 5000 solitario
788 4954 883 5012 egeamus
905 4963 918 4998 a
965 4945 1047 5006 proclii
1057 4945 1156 4994 θθςίίθίθ
1167 4945 1311 5005 consistere,
1321 4959 1351 4994 ei
1364 4946 1452 5006 iisqilae
1462 4943 1524 5005 apud
1535 4944 1668 5006 Nicopolim
1679 4947 1744 5004 gt'a'lr'l

141 5025 261 5088 proposito
272 5027 390 5076 aberrare.
402 5033 463 5078 sane
472 5029 491 5076 si
502 5028 570 5090 longe
579 5029 641 5078 absit
651 5029 683 5089 is,
693 5043 707 5076 a
718 5043 767 5090 ηιιιι
776 5043 919 5090 magnopere
965 5024 1074 5082 cremon
1084 5025 1142 5085 quin
1151 5036 1211 5085 opus
1220 5023 1268 5072 ulla
1278 5023 1390 5084 jactantie
1399 5022 1436 5070 sit.
1451 5023 1551 5094 Oportet
1561 5025 1656 5081 aulem,
1668 5035 1744 5083 quum

140 5101 217 5163 jurari
230 5103 359 5166 ροσεὶπιιιε,
368 5109 454 5154 ιυιιτιι
470 5107 538 5154 nobis
547 5107 657 5155 solitariis
673 5105 810 5168 procliviter
818 5107 866 5154 lieri
876 5105 919 5154 oli·
964 5105 994 5152 de'
1005 5117 1099 5152 summa
1114 5117 1139 5153 ro
1148 5103 1236 5164 agitur,
1251 5103 1278 5152 iis·
1289 5104 1322 5152 uli
1335 5102 1473 5151 consiliariis
1486 5103 1509 5151 el
1527 5101 1688 5164 adjutoribus,
1703 5102 1743 5162 qui
