3974 5732
831 324 1082 392 FRAGMENTA.
1694 344 1750 394 227

161 463 306 544 προστάξαι
321 463 411 522 Νάθαν
426 462 468 520 τὸν
479 461 613 540 προφήτην
626 465 670 518 τοῦ
682 461 762 520 Θεοῦ.
782 461 936 536 Οἰκοδομεῖν
957 469 961 512 Ι
981 463 1049 540 ίεροῦ
1063 460 1152 535 στοάν,
1162 461 1205 518 καί
1218 460 1323 525 στύλους
1335 463 1400 540 αὐτῇ
1413 465 1559 532 ὑποστῆσαι
1570 463 1682 540 χαλκοῦς
1695 465 1752 539 μη’.

162 551 191 609 δὲ
208 549 320 616 ε’ναλλδξ
339 549 418 625 δόμον
432 548 525 606 λίθινον
540 547 585 606 καὶ
598 547 721 622 ἔνδεσμον
739 547 934 626 κυπαρίσσινον,
983 548 1187 606 Κατασκευάσαι
1201 546 1228 604 δὲ
1242 548 1286 606 καί
1300 550 1413 624 λουτῆρα
1423 551 1549 626 χαλκοῦν,
1564 553 1646 622 μῆκος
1659 557 1753 629 πηχῶν

159 637 305 704 πελεκίνοις
314 637 423 716 χαλκοῖς
433 634 608 700 ταλαντιαίοις
620 632 870 708 καταλαμόάνοντας
879 634 937 701 τοὺς
981 633 1016 708 κ’,
1026 633 1071 691 καί
1082 633 1179 698 πλάτος
1190 637 1282 712 πηχῶν
1293 633 1326 704 κ’,
1338 633 1366 691 τὸ
1379 633 1407 692 δέ
1419 634 1480 712 ύψος
1489 638 1582 712 πηχῶν
1591 635 1622 696 e'.
1639 639 1754 708 Ποιῆσαι

161 725 186 802 β’
201 725 305 798 δόμους.
316 723 395 784 Ούτω
411 723 432 779 δ’
443 721 521 780 αὐτόν
530 720 737 797 οἰκοδομήσαντα
750 719 862 786 ξυλῶσαι
872 720 935 788 ἔξευ-
982 720 1008 777 δέ
1023 719 1063 778 ἐπ’
1076 723 1147 798 αύτῷ
1160 721 1288 800 στεφάνην
1299 719 1363 798 πρὸς
1373 718 1420 790 τὴν
1434 720 1509 797 βάσιν
1521 721 1569 787 ἔξω
1579 723 1754 802 ὑπερέχουσαν

159 818 203 869 θεν
218 810 341 885 κεδρίνοις
356 808 437 877 ξύλοις
453 808 497 866 καί
509 807 716 886 κυπαρισσίνοις,
730 805 798 864 ῶστι
813 805 861 877 τήν
872 807 936 865 λιθί·
981 811 1067 885 πῆχυν
1080 806 1125 864 ἕνα
1139 806 1202 884 πρὸς
1215 806 1244 864 τὸ
1260 805 1317 872 τοῦς
1335 810 1410 884 ἱερεῖς
1422 806 1484 872 ,τούς
1499 825 1528 864 τε
1541 808 1623 874 πόδας
1636 811 1751 888 προκλό-

159 921 207 965 νην
227 895 366 972 οἰκοδομήν
388 893 425 971 μὴ
447 893 595 975 φαίνεσθαι·
613 892 749 972 χρυσῶσαί
764 915 793 951 τε
809 893 853 950 τὸν
875 893 935 952 ναὸν
982 897 1069 959 ζεσθαι
1083 893 1127 950 καί
1137 892 1182 958 τὰς
1193 902 1283 971 χεῖρας
1293 893 1428 952 νίπτεσθαι
1440 893 1630 960 ἐπιύαίνοντας·
1642 901 1752 966 ποιῆσαι

158 983 256 1042 ἔσωθεν
265 981 400 1062 χωννύντα
413 981 517 1039 πλινθία
525 988 611 1061 χρυσᾶ
622 978 841 1058 πενταπήχηκαί
853 1002 937 1060 προσ·
982 976 1010 1036 δέ
1028 977 1073 1036 καλ
1091 977 1137 1044 τδς
1153 978 1240 1057 βάσεις
1260 986 1305 1038 τοῦ
1325 982 1446 1059 λουτῆρος
1465 980 1601 1058 τορευτὰς,
1624 983 1755 1059 χυννιυτδς

159 1069 259 1127 τιθέναι
287 1071 466 1148 προσηλοῦντα
498 1067 570 1136 ῆλοις
604 1067 740 1146 ἀργυροῖς,
766 1067 938 1133 ταλαντιαίοις
982 1064 1268 1146 δώδεκα,κα“ιτῷθψει
1281 1067 1518 1146 άνδρομήκεις,καί
1532 1073 1627 1137 στῆσαι
1640 1068 1753 1136 ἐξύστέ-

159 1155 209 1225 τήν
227 1153 318 1231 ὁλκήν,
341 1153 504 1232 μαστοειδέσι
523 1155 565 1210 τὸν
588 1152 693 1232 βαθμὸν,
713 1151 834 1232 τέτταρσι
848 1152 875 1210 δὲ
895 1154 938 1211 τὸν
983 1175 1027 1230 ρου
1042 1151 1134 1230 μέρους
1147 1152 1197 1212 tri
1210 1154 1253 1212 τὸν
1266 1155 1393 1232 λουτῆρα,
1408 1156 1438 1212 ἐκ
1452 1153 1540 1220 δεξιῶν
1561 1159 1605 1210 τοῦ
1620 1159 1756 1225 θυσιαστη·

163 1241 285 1318 ἀριθμόν.
306 1242 385 1302 Οὕτω
399 1241 420 1300 δ’
440 1239 516 1299 αὐτόν
536 1243 672 1318 χρυσῶσαι
692 1239 744 1296 ἀπὸ
764 1239 871 1319 ἐδάφους
891 1241 938 1306 ἕως
984 1239 1047 1318 ρίου.
1071 1242 1184 1310 Ποιῆσαι
1201 1239 1228 1298 δὲ
1248 1241 1292 1298 καί
1314 1241 1389 1319 βάσιν
1409 1243 1512 1318 χαλκῆν
1529 1244 1567 1321 τῷ
1584 1241 1642 1320 θψει
1662 1245 1755 1320 πηχῶν

159 1334 207 1400 τῆς
221 1333 330 1410 ὀροφῆς,
352 1331 382 1387 τό
402 1351 429 1386 τι
444 1327 568 1406 ὀρόφωμα
582 1331 689 1396 ποιῆσαι
706 1329 735 1383 ἐκ
755 1326 936 1404 φατνωμάτων
983 1329 1061 1396 δυοῖν,
1077 1328 1146 1384 κατὰ
1159 1327 1202 1384 τὸν
1217 1330 1343 1405 λουτῆρα,
1355 1325 1388 1384 ἵν’
1402 1327 1530 1407 ἐφεστήκῃ
1541 1327 1580 1384 ἐπ’
1594 1331 1695 1399 αὐτῆςθ
1708 1335 1757 1408 βα-

159 1421 276 1496 χρυσῶν,
290 1417 319 1475 τὸ
331 1417 358 1474 δὲ
373 1417 448 1492 δῶμα
467 1419 574 1484 ποιῆσαι
588 1417 702 1493 χαλκοῦν
717 1415 769 1472 άπὸ
787 1415 937 1493 κεραμίδων
983 1413 1082 1484 σιλεῦς,
1099 1410 1161 1472 όταν
1175 1413 1369 1493 προσεύχηται,
1390 1413 1458 1480 ὅπως
1479 1413 1623 1486 ὀπτάνηται
1641 1419 1678 1494 τῷ
1697 1419 1756 1494 λαῷ

160 1505 280 1581 χαλκῶν,
292 1503 391 1582 χαλκὸν
405 1503 585 1580 χωνεύσαντα,
597 1501 642 1559 καὶ
656 1505 745 1559 τοῦτον
758 1501 936 1580 καταχέαντα.
982 1505 1034 1558 τῶν
1053 1501 1199 1560 Ἰουδαίων.
1220 1502 1401 1574 Οἰκοδομῆσαι
1423 1502 1450 1558 δὲ
1467 1501 1512 1559 καὶ
1530 1502 1560 1560 τὸ
1573 1502 1757 1582 θυσιαστήριον

163 1593 283 1660 Ποιῆσαι
296 1590 324 1648 δὲ
346 1589 391 1647 δύο
411 1587 517 1654 στύλους
532 1590 660 1666 χαλκοῦς,
678 1585 722 1645 καλ
735 1592 939 1666 καταχρυσῶσαι
983 1592 1076 1664 πηχῶν
1090 1587 1128 1645 κε’
1139 1587 1181 1644 ε’πλ
1195 1587 1288 1666 πήχεις
1301 1589 1334 1658 κ’,
1346 1587 1375 1646 τό
1393 1589 1419 1646 δὲ
1430 1587 1492 1667 ύψος
1509 1592 1602 1666 πηχῶν
1616 1589 1660 1648 rG'.
1673 1592 1757 1660 [Ιοιῆ-

160 1676 259 1744 αύτούς
271 1675 373 1757 χρυσίῳ
392 1675 494 1755 ἀδόλῳ,
517 1673 637 1754 δακτύλῳ
656 1673 686 1733 τὸ
699 1674 792 1752 πάχος.
816 1666 889 1734 Εἶναι
912 1677 938 1733 δὲ
985 1699 1028 1733 σαι
1047 1676 1073 1732 δὲ
1089 1675 1134 1732 καί
1148 1677 1298 1742 δακτυλίους
1319 1677 1364 1733 δύο
1380 1677 1493 1754 χαλκοῦς
1506 1675 1695 1748 ἁλυσιδωτούς,
1711 1678 1756 1734 καὶ

157 1764 219 1831 τούς
233 1765 341 1831 στύλους
350 1767 387 1842 τῷ
397 1767 451 1842 ναῷ
464 1761 673 1840 ίσομεγέθεις,τὶν
685 1761 711 1819 δὲ
726 1761 837 1833 πλάτος,
851 1763 939 1841 κύκλῳ
985 1766 1079 1826 στῆσαι
1102 1761 1195 1828 αὐτούς
1223 1763 1266 1821 ἐπὶ
1292 1764 1491 1842 μηχανημάτων
1516 1764 1692 1842 ὑπερεχόντων
1718 1768 1756 1843 τῷ

157 1850 270 1909 ἕκαστον
285 1849 358 1908 κίονα
370 1853 463 1928 πηχῶν
477 1848 658 1919 δέκα·στ’ῆναι
672 1849 698 1905 δέ
713 1846 805 1913 αύτούς
815 1851 859 1905 τοῦ
868 1847 939 1906 οἴκου
985 1849 1044 1928 θψει
1055 1848 1097 1906 τὸν
1111 1851 1171 1906 ναὸν
1187 1852 1280 1928 πήχεις
1298 1851 1332 1920 κ’,
1355 1851 1399 1908 καὶ
1422 1852 1534 1918 σκιάζειν
1559 1853 1646 1908 tuero
1660 1851 1757 1917 παντὸς

157 1937 188 1995 δν
199 1937 247 2012 μὲν
260 1938 289 1994 ἐκ
299 1933 395 2005 δεξιῶν,
408 1933 436 1993 δν
447 1935 473 1994 δὲ
484 1935 509 2003 ἐξ
519 1933 666 2010 εὐωνύμων.
680 1937 792 2004 Ποιῆσαι
803 1933 883 1992 δὲκαὶ
895 1937 939 1992 λυ-
984 1941 1029 1993 τοῦ
1042 1939 1127 2014 ἱεροῦ·
1141 1937 1184 1993 καὶ
1199 1939 1398 2016 πρυσκρεμάσαι
1420 1939 1517 2014 ἑκάστῃ
1532 1937 1615 1996 δικτύϊ
1634 1937 1756 2004 κώδωνας

157 2025 235 2102 χνίας
248 2031 364 2102 χρυσᾶς,
379 2023 439 2080 δέκα
454 2023 568 2081 τάλαντα
584 2023 695 2092 ἑκάστην
707 2021 788 2092 θλκῆν
803 2021 935 2098 ἀγούσας,
985 2025 1099 2100 χαλκοῦς
1110 2022 1289 2088 ταλαντιαίους
1309 2023 1502 2100 τετρακοσίους·
1516 2023 1560 2081 καί
1575 2029 1683 2094 ποιῆσαι
1695 2024 1758 2090 όλας

161 2111 312 2188 ὑπόδειγμα
327 2109 442 2168 λαθόντα
456 2107 503 2178 τὴν
518 2109 568 2167 tri
582 2108 698 2176 Μωσέως
712 2111 738 2166 έν
752 2113 785 2187 τῇ
798 2113 881 2183 σκηνῇ
895 2115 940 2167 τοῦ
985 2109 1032 2172 τόις
1054 2109 1158 2174 δικτύας
1174 2109 1237 2187 πρὸς
1258 2109 1287 2166 τὸ
1300 2110 1390 2190 ψοφεῖν
1404 2108 1462 2174 τοῦς
1477 2109 1611 2178 κάιδωνας,
1630 2110 1675 2168 καί
1691 2113 1758 2168 ἀπο·

159 2197 306 2276 μαρτυρίου
318 2201 445 2255 τεθεῖσαν.
466 2199 568 2266 Στῆσαι
583 2197 605 2254 δ’
617 2195 642 2262 ἐξ
653 2195 775 2274 ἐκατέρου
791 2193 884 2274 μέρους
895 2202 940 2254 τοῦ
986 2191 1072 2250 σούιῖν
1089 2193 1121 2249 τά
1133 2192 1224 2272 όρνεα,
1241 2193 1308 2259 όπως
1322 2193 1358 2269 μή
1371 2194 1462 2271 καθίζῃ
1481 2195 1524 2252 ἐπὶ
1534 2201 1579 2253 τοῦ
1593 2197 1678 2273 ἱεροῦ,
1692 2196 1759 2272 μήτε

158 2287 244 2352 σηκοῦ
255 2282 302 2348 τὰς
312 2281 358 2358 μέν
373 2284 402 2340 έκ
412 2281 510 2353 δεξιῶν,
523 2282 569 2348 τδς
579 2280 606 2340 δὲ
617 2281 642 2348 ἐξ
657 2280 805 2357 εὐωνύμων,
822 2283 939 2348 Ποιῆοαι
985 2279 1094 2355 νοσαεύη
1117 2281 1160 2337 ἐπὶ
1180 2289 1232 2346 τοῖς
1253 2280 1408 2388 φατνίχυασι
1429 2285 1480 2338 τῶν
1505 2284 1592 2339 πυλῶν
1606 2282 1650 2340 καί
1666 2287 1758 2354 στοῶν,

158 2371 185 2428 δ’
207 2369 287 2428 αὐτὸν
300 2369 345 2428 καί
363 2370 471 2448 λύχνους
491 2374 602 2448 χρυσοῦς
623 2369 656 2439 ά,
672 2367 740 2426 ὥστε
761 2367 880 2425 καίεσθαι
900 2363 940 2444 ίφ’
986 2367 1030 2424 καί
1043 2365 1140 2444 μολύνῃ
1155 2367 1206 2433 τοῖς
1220 2371 1413 2443 άπαπατημασι
1427 2369 1456 2426 τὸ
1467 2369 1545 2446 ἱερόν.
1558 2369 1715 2446 Περιύοιλεῖν
1730 2372 1757 2428 δὲ

158 2457 275 2528 ἑκάστης
298 2456 404 2535 λυχνίας
430 2457 509 2514 ἑπτά.
534 2457 714 2530 Οἰκοδομῆσαι
734 2453 761 2511 δὲ
783 2451 830 2518 τὰς
854 2452 939 2516 πύλας
986 2453 1031 2511 καὶ
1045 2451 1078 2512 τά
1093 2453 1261 2532 Ἱεροσόλυμα
1274 2453 1322 2524 τῆν
1334 2455 1409 2513 πόλιν
1420 2455 1518 2534 τείχεσι
1533 2456 1577 2514 καὶ
1594 2457 1699 2534 πύργοις
1713 2458 1758 2514 καὶ

160 2551 209 2604 τοῦ
233 2547 318 2622 ἱεροῦ,
341 2543 387 2602 καί
406 2547 606 2618 κατακοσμῆσαι
621 2541 721 2621 χρυσίῳ
745 2539 788 2598 καί
812 2538 939 2618 ἀργυρίῳ·
986 2539 1099 2619 τάφροις·
1111 2541 1280 2614 οἰκοδομῆσαι
1291 2540 1318 2599 δὲ
1328 2542 1372 2599 καί
1385 2541 1503 2620 βασίλεια
1513 2546 1607 2621 ίαυτῷ.
1621 2546 1758 2621 Προσαγο·

158 2633 206 2688 καὶ
220 2630 417 2708 καταστεγάσαι
427 2629 582 2708 φατνώμασι
593 2628 715 2708 κεδρίνοις
727 2627 772 2684 καὶ
784 2625 939 2705 κυπαρισσί·
988 2631 1108 2706 ρευθῆναι
1123 2625 1190 2684 δὲτὸ
1205 2627 1345 2708 ἀνάκτορον
1357 2628 1517 2706 πρῶτονμὲν
1533 2629 1612 2708 Ἱερόν
1626 2633 1759 2706 Σαλομῶ-

158 2741 223 2784 νοις.
239 2720 355 2787 Ποιῆσαι
367 2715 395 2775 δὲ
413 2717 456 2774 καὶ
479 2715 589 2774 κατὰτὸ
603 2714 666 2794 πρὸς
682 2719 775 2792 βορρᾶν
799 2713 877 2790 μέρος
890 2719 936 2771 τοῦ
986 2735 1044 2784 νος,
1067 2711 1173 2790 ὕστερον
1195 2712 1222 2770 δὲ
1241 2715 1461 2794 παρεφθαρμένως
1475 2715 1522 2786 τῆν
1544 2716 1618 2774 πόλιν
1639 2717 1691 2774 άπὸ
1713 2723 1759 2774 τοῦ

871 2830 1748 2846 *nummu—nummu·-

156 2912 240 2962 tiiudo
249 2912 409 2970 incumberet,
418 2911 494 2960 tribus
501 2910 640 2960 iudeorum
649 2923 686 2959 res
695 2909 938 2960 neomaeniascentum
984 2909 1059 2958 altera
1069 2909 1098 2956 nd
1110 2909 1242 2968 sinistram,
1254 2910 1389 2972 audituque
1398 2923 1476 2958 eurem
1488 2891 1592 2960 lucerure
1600 2910 1758 2974 septuaginta,

121 3016 124 3020 ·
156 2993 183 3038 et
195 2988 322 3050 sexaginta
331 2987 455 3036 homiuum
465 2985 570 3035 millibus
579 2985 611 3034 ita
620 2983 856 3048 suppeditationem
867 2997 938 3034 suum
985 2990 1109 3050 etseptem
1124 3001 1236 3037 nocensne
1247 2989 1389 3038 caudelabra
1399 2989 1490 3050 singula
1502 2989 1653 3038 sustinerent.
1666 2989 1757 3050 Templi

155 3066 263 3128 singulae
271 3077 379 3114 mensem
392 3063 448 3112 inuio
459 3075 524 3112 curre
533 3075 561 3112 ae
570 3061 697 3124 provisioni
707 3061 852 3123 nemetum
861 3065 885 3111 et
895 3063 939 3112 de·
984 3063 1066 3112 valvas
1077 3077 1173 3127 quoque
1180 3077 1238 3113 auro
1248 3071 1392 3126 argentoque
1404 3068 1477 3124 teuit,
1488 3066 1649 3127 loruieemque
1658 3066 1759 3126 desuper

155 3145 279 3204 seriptum
292 3139 417 3190 habereut
430 3143 491 3202 Ergo
508 3139 590 3201 templi
610 3137 763 3187 lundameuta
779 3138 856 3199 jacta,
873 3139 938 3200 quod
985 3141 1087 3191 cedrinis
1094 3155 1123 3190 ee
1132 3141 1273 3203 cupressinis
1284 3155 1314 3190 ex
1328 3141 1417 3190 tubulis
1426 3141 1537 3191 sinuavil.
1549 3145 1603 3191 tam
1613 3141 1643 3191 ad
1655 3147 1759 3205 septem-

155 3221 285 3282 sexagiuta
294 3218 431 3267 cubitorum
440 3215 585 3278 longitndine
597 3214 745 3276 totidemque
752 3213 878 3264 latitudine
887 3229 936 3278 spa·
985 3219 1109 3267 trioualeru
1127 3217 1185 3267 sedis
1202 3221 1295 3280 partem
1314 3217 1432 3280 ingentem
1446 3219 1562 3280 porticum
1574 3219 1679 3282 aperuit,
1692 3221 1759 3268 coln-

156 3300 220 3347 timu
239 3297 387 3358 occupabar,
408 3294 562 3344 fundamenta
580 3307 636 3342 vero
648 3291 779 3342 latitudiuis
794 3293 897 3355 ipseper
913 3307 938 3342 se
984 3295 1181 3344 renisurmieueto
1193 3294 1759 3358 aequadragiutasullultam.Labrumiternad·

155 3376 244 3424 decem
258 3373 359 3422 omuino
370 3371 465 3420 cubitos
476 3371 624 3420 obtinebant.
637 3369 676 3418 δίο
690 3369 777 3418 enimn
788 3370 881 3418 Nathan
898 3371 936 3420 dei
983 3371 1182 3430 juuxltaureum,
1191 3369 1346 3434 longitudinis
1355 3385 1384 3420 eo
1394 3372 1761 3434 latitudinisviginti,altitudinis

157 3453 277 3516 propheta
287 3451 369 3512 jnssm
378 3450 492 3500 salomon
504 3449 590 3497 lueret.
602 3453 636 3497 Ae
645 3450 791 3496 structuram
803 3447 938 3497 universam
984 3461 1041 3497 vero
1050 3449 1155 3512 quinque
1164 3449 1282 3499 dirutsxat
1291 3449 1385 3498 cubitos
1396 3449 1492 3499 liabens.
1504 3451 1554 3500 line
1565 3451 1652 3500 limirus
1662 3451 1760 3512 quidam

157 3533 192 3580 ita
200 3529 324 3592 compingi
334 3529 420 3588 soluit,
430 3532 457 3577 ut
466 3525 574 3575 nitemini
582 3539 632 3575 aeas
641 3525 747 3586 lapidum
756 3527 782 3574 el
793 3527 939 3587 cupressina·
984 3525 1088 3574 eulerius
1099 3526 1128 3574 ad
1140 3526 1249 3575 cubitum
1261 3541 1335 3575 ouum
1345 3528 1464 3588 eminens,
1479 3541 1507 3576 ne
1526 3540 1607 3576 versus
1622 3527 1698 3576 basim
1712 3527 1760 3576 eir·

156 3621 214 3656 rurn
231 3605 341 3656 trabium
351 3604 448 3653 ordines
458 3603 607 3664 exciperent,
620 3601 685 3664 quod
700 3604 830 3664 utmmque
846 3603 938 3652 cerium
984 3601 1126 3651 eumduetus
1136 3601 1271 3664 ambiebat,
1283 3617 1332 3665 que
1346 3603 1437 3652 lariiius
1449 3617 1578 3652 conscenso
1590 3603 1670 3663 lubre,
1681 3617 1761 3652 saeer-

156 3679 481 3745 aeneisquibusdam,iisque
490 3679 572 3728 talenti
581 3677 797 3740 mortesmortes
807 3679 940 3729 iuslerriu·
983 3677 1051 3726 dotes
1068 3678 1154 3740 pedum
1167 3693 1331 3742 manuumque
1350 3679 1432 3729 sordes
1445 3680 1561 3730 eluerent.
1577 3679 1659 3730 Eidem
1675 3679 1762 3741 gradus

157 3762 219 3810 culis
230 3758 429 3819 adstringeretur.
442 3759 495 3805 tam
506 3754 697 3804 stauteuuirersi
710 3753 804 3803 neditieii
814 3755 888 3815 mole,
899 3769 938 3804 ee·
983 3756 1107 3804 tornatiles
1119 3757 1246 3817 lusilesque
1262 3755 1405 3818 duodecim,
1418 3770 1473 3805 euru
1489 3761 1554 3818 justa
1572 3756 1675 3805 hominis
1692 3757 1763 3806 unius

157 3838 235 3886 drinis
244 3833 437 3897 cupressinisque
446 3831 796 3892 tabultseuierioremlupidum
804 3831 901 3891 lacten,
909 3846 939 3881 ue
985 3832 1146 3892 magnitudine
1159 3833 1293 3894 adequati,
1303 3834 1333 3882 ari
1348 3837 1439 3896 purtem
1449 3834 1511 3882 iliius
1524 3833 1693 3894 posteriorem,
1703 3835 1760 3882 elta·

156 3914 259 3963 muium
271 3909 419 3969 ellenderet,
435 3908 594 3970 undequaque
610 3907 717 3967 vestivit,
734 3908 871 3957 interiorem
883 3921 939 3956 vero
985 3909 1017 3956 ris
1033 3921 1091 3957 vero
1107 3909 1217 3958 deutrum
1237 3911 1359 3972 suppositi.
1398 3910 1484 3960 sedite
1500 3911 1595 3972 iusuper
1611 3909 1673 3959 basis
1684 3923 1760 3969 reum,

156 3995 193 4042 sie
202 3989 338 4048 inauravit,
351 3989 379 4036 ut
388 3986 504 4036 conlietos
516 4000 547 4035 ex
557 3997 616 4034 auro
627 3987 713 4034 lateres
725 3986 861 4035 cubilorum
871 3987 940 4048 quiu-
984 3998 998 4032 e
1014 3985 1109 4048 regione
1123 3987 1195 4046 labri,
1212 3985 1337 4036 altitudine
1349 3987 1442 4035 cubitos
1455 3985 1516 4035 duos
1528 3985 1651 4042 obtinens,
1668 3985 1707 4034 eui
1719 4000 1759 4034 rex

157 4082 222 4131 que,
236 4066 314 4115 clavis
328 4063 448 4126 argenteis
464 4065 588 4124 quattuor,
600 4062 683 4111 talenti
696 4061 868 4124 peudo,alque
881 4063 939 4112 ube·
985 4053 1602 4125 oraturusin‘sisteret,quolneiliusaeireurusieule
1617 4061 1703 4112 iudeo
1718 4077 1761 4123 po-
1798 4094 1805 4103 .
1838 4107 1842 4114 ,

157 4160 213 4196 rum
222 4147 247 4195 in
260 4142 442 4192 similitudinem
452 4142 575 4190 collocatis
583 4139 612 4188 ad
622 4141 722 4202 parietes
730 4141 841 4200 affigerer.
854 4142 941 4203 sieque
986 4139 1041 4201 pulo
1051 4143 1196 4189 cerneretur.
1209 4141 1245 4190 Ad
1256 4141 1308 4188 iraee
1319 4141 1393 4188 nltnre
1403 4139 1493 4199 erexit,
1504 4138 1572 4200 eujus
1581 4137 1684 4186 ambitus
1693 4139 1761 4187 erebi-

157 4223 327 4287 aparimento
338 4219 369 4269 ad
381 4220 688 4280 summamusqueteeturu
695 4218 940 4269 erdesleiaauroool·
985 4217 1065 4264 torum
1084 4217 1190 4278 quinque
1208 4219 1232 4266 et
1250 4215 1420 4278 quadraginta,
1439 4214 1541 4264 altitudo
1561 4227 1617 4262 vero
1634 4213 1761 4264 duodecim

158 4301 258 4351 looebat
270 4317 277 4346 ι
289 4297 413 4360 ipsiusque
422 4295 482 4345 adeo
495 4295 612 4356 laquearis
627 4307 726 4344 nereum
739 4295 887 4356 tabulatum,
898 4309 939 4345 ex·
986 4295 1077 4341 tuntum
1087 4299 1154 4343 esset.
1169 4295 1292 4344 Postremo
1301 4293 1405 4342 annulos
1415 4306 1444 4342 ex
1455 4303 1502 4340 rere
1511 4291 1614 4352 geminos
1622 4289 1711 4338 eatenis
1720 4291 1761 4339 im·

158 4379 236 4428 terius
243 4387 303 4425 reru
313 4374 410 4422 eulmen
419 4385 509 4422 aereum
520 4374 598 4420 totum
608 4373 673 4430 erat,
684 4371 729 4419 hoo
736 4373 771 4420 est
781 4371 848 4420 nereis
857 4374 941 4434 tegentis
986 4371 1091 4432 plicitos,
1103 4371 1219 4420 muelrinis
1226 4371 1369 4432 quibusdem
1378 4385 1451 4433 supra
1461 4369 1540 4431 templi
1549 4367 1666 4427 fastigium
1679 4367 1762 4429 viginti

158 4457 214 4504 traso
225 4465 276 4502 nere
288 4450 399 4499 muueris
410 4451 547 4498 instratum.
566 4447 695 4496 ceirrmnas
709 4451 821 4508 preterea
839 4447 899 4497 denas
916 4449 940 4497 in
985 4447 1071 4496 centris
1079 4449 1228 4498 exstantibus
1241 4449 1368 4510 imposuit,
1380 4459 1484 4509 quorum
1498 4443 1582 4492 umbre
1595 4443 1619 4490 iu
1629 4447 1708 4492 totum
1722 4445 1762 4493 de·

158 4531 253 4592 templo
262 4527 362 4587 statuit,
377 4538 453 4574 aereas
461 4525 558 4587 quidem
572 4525 638 4588 illas,
649 4523 690 4572 sed
705 4535 764 4572 aum
775 4524 899 4585 purissimo
911 4526 940 4574 ed
985 4539 1056 4587 super
1066 4527 1161 4576 eulmen
1171 4525 1336 4576 incumberet:
1347 4539 1408 4588 eque
1416 4523 1512 4585 singuiis
1522 4521 1612 4569 retibus
1620 4533 1661 4570 seu
1671 4523 1763 4570 eatenis

157 4609 226 4670 digiti
233 4603 497 4658 unimerassitudinem
506 4601 741 4664 inductos,adextrls
750 4615 831 4663 unam,
841 4604 940 4652 niteram
985 4615 1052 4651 neuen
1066 4603 1238 4661 tintinnabula,
1248 4603 1330 4652 talenti
1343 4599 1434 4663 pondo,
1445 4597 1616 4663 quadringenta
1625 4597 1761 4660 suspendit,

157 4685 299 4744 asinistrie3
309 4683 481 4731 ambasautem
490 4679 619 4742 ejusmodi,
632 4693 686 4742 quae
695 4679 841 4741 longitudine
852 4685 941 4729 tectum
985 4693 1039 4740 quur
1051 4679 1272 4728 eeteuiseemrnolis
1282 4678 1396 4740 impulsa,
1406 4667 1492 4724 tiur'riiu
1502 4687 1531 4722 ac
1542 4671 1640 4734 strepitu
1652 4673 1763 4722 volueres

159 4765 239 4824 ipsum
254 4759 414 4821 attingerent,
426 4757 518 4806 ambitu
536 4756 630 4806 cubitos
643 4757 741 4818 singule
756 4756 839 4805 decern
857 4757 940 4819 impie·
985 4755 1119 4817 abigerent,
1132 4769 1161 4804 ne
1171 4756 1209 4804 eei
1219 4755 1346 4818 insiderent
1357 4752 1460 4812 templo,
1470 4751 1507 4799 vei
1518 4749 1586 4798 uidua
1599 4750 1623 4798 iu
1636 4749 1762 4798 valvarum

159 4841 221 4888 rent.
237 4843 319 4888 Aurea
329 4837 403 4884 etiam
416 4833 557 4883 caudelabra
570 4834 620 4882 lieri
636 4835 742 4894 curarit,
758 4835 837 4900 pendo
850 4836 942 4896 singule
986 4833 1027 4880 uui
1034 4832 1170 4893 porticuum
1178 4831 1290 4880 tabulatis
1296 4831 1470 4898 construerent,
1480 4825 1704 4886 sedemquesarram
1712 4839 1763 4874 sor·

160 4917 278 4964 talentum
291 4913 391 4971 decem
405 4923 461 4972 quae
470 4909 501 4958 ad
514 4909 579 4959 illius
592 4910 657 4972 quod
670 4911 694 4958 tu
709 4909 861 4958 tabernaculo
874 4912 941 4960 testi·
986 4907 1056 4957 dibus
1064 4907 1222 4970 inquinarent.
1232 4907 1387 4966 l‘orroipsam
1395 4917 1490 4964 quoque
1501 4901 1762 4962 Hierosolymmurbem

161 4992 233 5041 monii
246 4990 394 5039 cuiioeatnrn
404 5001 418 5036 a
430 4989 495 5036 llose
509 4987 601 5047 luerat,
613 4987 735 5048 exemplar
749 4988 872 5048 expressit.
886 4991 942 5038 tine
987 4985 1185 5044 muris,turrilnus
1194 4985 1309 5045 fossisque
1319 4982 1425 5040 vallavit,
1436 4983 1460 5028 et
1469 4984 1595 5040 arrgustam
1604 4978 1648 5026 sibi
1662 4978 1706 5038 ipsi
1722 4992 1761 5026 re-

162 5071 264 5130 utraque
273 5065 385 5117 similiter
397 5064 455 5114 redis
464 5067 531 5126 parte
541 5065 685 5124 constitute,
695 5063 843 5112 addextrare
854 5065 941 5124 altera,
987 5065 1050 5126 giem
1060 5063 1182 5112 exultavit.
1193 5065 1223 5110 li
1233 5063 1336 5123 primum
1345 5059 1444 5122 quidem
1453 5071 1518 5106 saera
1529 5059 1567 5106 illa
1577 5056 1761 5118 aedestepdvxu-

1628 5147 1660 5184 ια.
