3910 5728
182 380 195 394 .
234 347 287 398 tta
840 329 1060 392 potamonis
1081 329 1244 390 utensis

230 468 322 526 iarnen
342 471 437 544 potuit
450 471 494 524 vel
509 471 567 542 ipse
584 469 627 523 rel
641 467 829 542 posteriorum
842 467 1007 539 grammati·
1058 464 1087 517 in
1096 463 1198 536 quibus
1207 463 1391 536 antiquarium
1401 459 1557 534 periegesin
1566 469 1664 513 auctor
1677 457 1837 526 instituerit,

230 576 329 615 corum
343 557 443 629 aliquis
457 575 491 612 ex
506 557 622 612 diversis
633 557 690 610 istis
703 554 910 609 commentariis
920 571 1009 606 uuum
1055 551 1167 605 nonnisi
1184 549 1242 604 duo
1261 558 1465 616 memorantur,
1492 541 1595 608 Κτίσεις
1616 543 1667 599 τῶν
1692 543 1719 600 ἐν
1741 540 1837 618 Πόντῳ

233 662 337 718 corpus
348 642 475 712 efiicere3
491 643 739 716 idquemominare
753 636 912 716 Περιήγησιν
924 639 1010 695 οἰκοσ-
1056 635 1157 694 πολεων
1166 647 1193 691 et
1209 634 1312 699 Κτίσεις
1321 633 1458 692 Ἰταλικῶν
1470 630 1515 688 καλ
1530 630 1675 690 Σικελικῶν
1687 626 1834 707 (πολεων),

231 727 320 803 μίνης.
337 755 348 778 ν
363 733 430 786 Hac
444 731 591 786 Prellerus.
611 729 720 800 Quibus
735 726 873 800 subjungo
894 745 956 800 qua
974 727 1010 782 ad
1056 725 1105 796 qui
1127 725 1191 797 ipsis
1208 724 1295 778 titulis
1316 723 1458 777 diversum
1481 737 1497 774 a
1517 717 1617 774 ceteris
1640 727 1835 790 argumentum

230 817 323 874 Suidar
334 819 384 872 ista
398 816 424 872 ir
436 803 473 879 οἷς
485 813 530 871 καί
542 813 678 888 Κοσμικὴν
693 811 796 891 περιήγ.
810 815 918 868 notavit
927 816 1009 868 Bern·
1056 810 1217 879 ostendunt,
1251 808 1329 884 quod
1350 807 1476 880 quamvis
1499 823 1565 859 cum
1591 805 1748 876 antiquaria
1774 821 1838 858 mo-

229 903 371 976 hardyus:
387 927 398 952 ν
410 903 501 958 Habet
513 904 562 958 ista
575 903 718 957 conclusio
725 901 870 972 scriptoris
881 899 916 955 ad
925 898 1010 954 finem
1055 908 1254 952 numentorum
1265 896 1451 968 descriptione
1469 893 1563 947 multis
1582 891 1743 946 nominibus
1765 909 1838 946 con-

177 1048 182 1057 ,
227 990 420 1064 properantis,
437 988 516 1061 quod
530 991 559 1042 in
576 987 780 1042 dubitationem
794 985 896 1041 adduci
911 987 1007 1059 possit.
1054 984 1182 1055 junctum
1206 985 1256 1056 sit,
1276 993 1369 1037 tamen
1388 981 1528 1056 peculiare
1549 977 1695 1052 quoddam
1707 979 1839 1050 scriptio-

230 1077 301 1132 Nam
316 1086 348 1130 ut
360 1076 446 1148 ipsam
462 1074 650 1148 inscriptionis
669 1089 780 1128 causam
793 1090 824 1127 ac
839 1076 1010 1128 materiama
1056 1089 1123 1126 num
1144 1088 1231 1144 genus
1249 1070 1402 1126 constituit.
1425 1068 1518 1122 Libris
1537 1066 1572 1120 dc
1587 1066 1686 1135 Ponti,
1711 1065 1796 1120 ltaliae
1810 1075 1839 1120 et

232 1160 329 1216 studiis
340 1160 429 1216 docte
442 1161 614 1232 antiquitatis
625 1159 803 1214 abhorruisse
823 1171 944 1228 constat,
958 1179 1011 1215 nec
1056 1159 1154 1214 Siciliae
1174 1157 1332 1213 civitatibus
1346 1154 1432 1210 addas
1451 1151 1553 1216 Κτίσεις
1570 1153 1621 1208 τῶν
1633 1151 1660 1208 ir
1669 1150 1772 1208 Φωκίδι
1786 1149 1838 1208 πό-

232 1249 391 1304 Polemonis
400 1249 429 1302 in
439 1249 536 1302 litteris
550 1248 756 1320 qualiacunque
772 1246 830 1317 ejus
841 1248 882 1302 rei
898 1247 1011 1320 vestigia
1057 1245 1121 1300 λειον
1134 1241 1178 1300 καί
1196 1240 1256 1320 περί
1274 1245 1320 1311 τῆς
1334 1238 1397 1319 πρὸς
1413 1237 1554 1310 Ἀθηναίων
1575 1236 1722 1314 συγγενιίιις
1742 1238 1838 1312 αὐτῶν,

233 1333 501 1408 deprehenduntur:
519 1335 556 1388 ita
568 1333 744 1406 disciplinam
759 1333 845 1387 aetatis
856 1334 1012 1405 Byzantina
1057 1343 1086 1388 et
1095 1333 1159 1387 libri
1170 1329 1235 1408 Πιρί
1244 1330 1329 1386 τῶνέν
1342 1325 1520 1402 Λακεδαίμονι
1531 1327 1643 1384 πολεων.
1656 1327 1764 1384 Titulos
1774 1327 1840 1382 illos

233 1421 309 1478 haud
319 1422 417 1476 leviter
427 1421 538 1474 ornavit
549 1417 708 1496 Περιήγησις
719 1415 884 1490 οἰκουμένης,
897 1429 1012 1474 auctore
1054 1419 1215 1494 jungendos
1237 1435 1293 1473 esse
1318 1427 1346 1472 et
1367 1417 1482 1472 classem
1503 1413 1645 1488 quandam
1666 1414 1838 1486 scriptorum

233 1509 385 1580 Dionysio,
399 1506 478 1577 cujus
491 1505 527 1560 ad
541 1504 752 1562 similitudinem
766 1506 814 1559 illa
832 1507 901 1560 solet
915 1507 1011 1560 direr—
1059 1507 1289 1561 Polemoniorum
1309 1503 1498 1574 constituisse,
1521 1502 1605 1556 etiam
1625 1497 1692 1553 inde
1707 1499 1838 1572 colligas,

233 1595 352 1650 sissimos
370 1592 407 1648 de
419 1593 505 1648 rebus
524 1593 663 1648 historicis
673 1593 921 1667 geographicisque
934 1611 1013 1646 com·
1058 1593 1137 1665 quod
1147 1601 1445 1664 omnespraeterunum
1456 1588 1601 1644 deltalicis
1610 1587 1727 1641 urbibus
1737 1586 1840 1661 (quem

233 1681 385 1734 menterios
397 1681 516 1754 exigere.
528 1681 591 1734 Huc
609 1681 721 1734 accessit
733 1680 906 1751 praeconium
918 1680 1012 1751 perie—
1057 1673 1208 1734 scholiastae
1223 1677 1366 1752 Apollonii
1377 1675 1525 1748 debemus)
1536 1693 1552 1730 a
1566 1673 1651 1730 Suida
1666 1673 1840 1744 conjunctim

233 1777 318 1840 getae,
333 1766 413 1838 quod
432 1785 480 1822 sua
502 1778 602 1840 sponte
615 1766 766 1822 videbatur
784 1765 821 1820 ad
836 1767 921 1820 tutius
935 1767 1013 1822 orbis
1060 1766 1242 1834 exhibentur-3
1257 1765 1391 1818 nimirum
1404 1762 1503 1820 Suidas
1518 1779 1554 1816 ex
1573 1761 1700 1834 catalogo
1716 1763 1840 1834 scripto-

234 1852 451 1926 descriptionem
464 1865 600 1927 spectare.
616 1854 673 1908 Nos
687 1854 772 1926 igitur
792 1871 881 1924 quum
901 1853 1013 1907 titulum
1059 1871 1137 1921 rum,
1153 1869 1237 1925 quern
1247 1861 1316 1919 ,ante
1331 1849 1431 1906 oculos
1445 1849 1581 1917 habebat,
1594 1865 1682 1902 unum
1697 1846 1840 1920 quendam

235 1941 457 1994 commentitium
471 1941 501 1994 in
521 1941 636 2012 Dionys.
649 1957 679 2010 p.
697 1937 753 2012 519
773 1929 1011 2010 repudiassemus,
1058 1940 1154 1994 locum
1167 1939 1341 2010 exscripsisse
1355 1938 1419 1991 satis
1429 1935 1537 1991 habuit.

235 2027 359 2080 Prellero
367 2035 460 2081 tamen
469 2045 529 2080 uon
537 2027 621 2099 plane
628 2026 812 2098 persuasimus
822 2043 829 2078 :
841 2026 863 2080 is
873 2027 947 2080 enim
960 2025 1012 2082 Πε·
1098 2025 1229 2085 Ceterum
1240 2020 1379 2096 Κοσμικλν
1392 2024 1469 2078 illam
1479 2019 1634 2098 περιήγησιν
1648 2017 1706 2088 ἤτοι
1717 2039 1841 2097 γεωγρα-

236 2108 355 2186 ριήγησιν
364 2109 514 2184 οἰκουμένης
523 2111 679 2166 nonsolum
689 2110 885 2185 agnoscit,sed
894 2113 1013 2184 primam
1058 2109 1118 2192 ρίαν
1143 2131 1253 2168 merum
1280 2112 1453 2186 grammatici
1479 2111 1624 2183 Byruntini
1647 2119 1840 2163 commentum

235 2199 318 2252 etiam
326 2198 437 2252 classem
444 2198 1011 2267 Polemoniorumvolunrinmnconstituit,
1059 2217 1187 2273 erse,pro
1195 2199 1342 2272 explorato
1353 2215 1412 2252 non
1419 2199 1573 2270 posuerim.
1586 2196 1668 2255 Certe
1677 2213 1735 2250 non
1745 2195 1841 2250 omitti

236 2302 321 2356 quam
331 2284 376 2338 vel
388 2285 445 2356 ipse
455 2284 498 2337 vel
508 2285 697 2356 posteriorum
706 2284 953 2357 grammaticorum
963 2285 1014 2339 ali·
1058 2287 1168 2342 silentio
1182 2285 1267 2340 debet
1280 2287 1359 2354 locus
1372 2285 1497 2340 Athenaei
1511 2280 1568 2360 (ir.
1582 2301 1619 2357 9²
1628 2281 1655 2357 l,
1670 2281 1721 2336 ubi
1737 2281 1842 2337 laudn-

236 2371 340 2443 quises
353 2371 435 2426 variis
444 2369 523 2424 libris
533 2371 659 2424 inunum
670 2387 773 2442 corpus
783 2369 926 2424 redactam
936 2369 1013 2424 erul-
1059 2383 1105 2428 tur
1117 2369 1223 2438 Σκύλαξ
1236 2367 1253 2440 ἦ
1267 2369 1407 2448 Πολέμωνι.
1420 2371 1512 2426 Verba
1523 2372 1629 2437 ionica,
1645 2387 1707 2441 quae
1722 2367 1772 2442 (ex
1791 2371 1843 2424 ln-

235 2459 316 2532 garit.
339 2458 477 2510 Nimirum
491 2453 572 2510 finxit
585 2457 629 2510 vir
643 2455 820 2510 doctissimus
832 2457 1015 2512 Polemonem
1059 2459 1112 2516 diae
1134 2457 1268 2538 περίπλῳ)
1293 2459 1334 2514 ibi
1356 2457 1519 2526 afferuntur,
1546 2457 1688 2530 Scylacem
1703 2467 1839 2529 arguunt.

236 2543 266 2596 in
274 2542 434 2598 enarrandis
441 2542 603 2615 regionibus
612 2543 824 2614 quamplurimis
830 2559 946 2615 operam
955 2561 1015 2600 eru·
1060 2549 1153 2618 Quare
1167 2547 1305 2602 Prellerus
1317 2539 1415 2613 illudi
1431 2542 1558 2617 Παλίμων
1569 2545 1607 2598 ita
1619 2542 1793 2616 intelligitur
1807 2545 1843 2598 sit

123 2633 126 2640 ’
237 2629 539 2702 ditamconsumpsisse.
552 2629 691 2700 Equidem
701 2629 864 2684 industriam
875 2631 948 2686 illius
957 2633 1015 2704 opi·
1062 2629 1167 2698 Σκύλαξ
1182 2628 1210 2688 ὃν
1226 2627 1355 2706 Πολέμων
1372 2629 1551 2708 παρατίθεται.
1566 2629 1652 2702 Quod
1669 2647 1766 2684 rerum
1782 2647 1843 2686 esse

237 2733 290 2770 nor
308 2718 338 2770 in
351 2713 454 2770 finibus
467 2715 630 2772 (trecorum
643 2725 892 2770 monumentorum
911 2735 943 2772 ac
962 2717 1016 2772 do-
1059 2729 1165 2793 potest3
1176 2717 1407 2774 sedcertumnon
1415 2727 1465 2774 est.
1476 2715 1720 2790 Quemadmodum
1737 2717 1842 2772 eodem

236 2804 382 2858 uariorum
391 2820 449 2858 sese
458 2803 643 2871 continuisse;
656 2802 758 2875 quibus
766 2803 896 2872 comites,
905 2804 927 2858 si
937 2803 1014 2874 libet,
1060 2807 1125 2861 loco
1134 2807 1279 2862 Athenaus
1294 2806 1355 2879 (vel
1367 2807 1462 2880 potius
1470 2803 1624 2878 Didymus,
1633 2821 1667 2858 ex
1678 2821 1736 2876 quo
1746 2813 1842 2860 toturn

237 2888 323 2944 addas
336 2887 444 2944 libellos
462 2887 498 2943 de
511 2888 633 2944 Dodone
646 2900 675 2942 et
688 2888 724 2944 de
739 2888 930 2946 Samothrace.
945 2891 1015 2944 Nam
1060 2893 1131 2948 illud
1146 2904 1228 2968 caput
1242 2888 1336 2969 fluxit)
1352 2893 1473 2948 Hecataei
1492 2892 1591 2946 Milesii
1601 2891 1756 2964 periegesin
1779 2910 1841 2948 non

238 2973 341 3040 Κτίσεις
357 2972 493 3032 Ἰταλικῶν
507 2971 552 3031 καί
568 2975 712 3033 Σικελικῶν
726 2975 775 3050 (ut
785 2975 822 3031 de
834 2978 967 3048 suspectis
979 2979 1015 3032 ri-
1061 2981 1210 3053 genuin‘am
1227 2977 1277 3032 sed
1288 2978 1324 3034 ab
1336 2979 1466 3033 Hecataeo
1478 2978 1628 3032 Eretriensi
1639 2977 1842 3048 interpolatam

238 3063 303 3120 tulis
322 3081 417 3138 unum¹
428 3074 457 3117 et
477 3081 542 3118 euru
560 3063 755 3118 incredibilem
774 3059 927 3138 attingam)
949 3082 1016 3120 eave
1062 3063 1271 3140 essesigniiicat‚
1280 3067 1318 3120 sic
1325 3064 1462 3120 similisde
1472 3075 1587 3120 uctore
1596 3065 1689 3137 operis
1696 3062 1842 3120 dubitatio

190 3158 193 3164 '
238 3150 478 3224 colligareschol.
495 3149 590 3222 Apoll.
606 3152 652 3218 tv,
672 3149 726 3215 324
746 3149 799 3224 (ir.
813 3149 866 3224 38)
881 3169 889 3206 ι
905 3139 1016 3224 eburn-
1061 3155 1147 3208 inesse
1160 3161 1253 3226 potest
1265 3152 1358 3207 verbis
1371 3147 1474 3216 Σκύλαξ
1490 3145 1508 3218 ἢ
1524 3147 1664 3222 Πολίμων,
1676 3151 1733 3206 sive
1748 3151 1772 3204 is
1783 3168 1843 3204 no·

238 3233 339 3309 μονεύει
355 3231 483 3308 Πολέμων
500 3236 525 3291 lv
540 3232 621 3291 κτίσιι
639 3233 773 3292 Ἰταλικῶν
796 3235 842 3292 καί
858 3237 1014 3294 Σικελικῶν·
1061 3251 1117 3304 ster
1128 3241 1244 3294 Polemo
1256 3257 1292 3293 an
1305 3239 1374 3293 alius
1387 3239 1481 3295 suerit.
1497 3269 1537 3279 —
1550 3236 1745 3292 Suidnslndiae
1759 3235 1842 3312 περί-

240 3341 302 3395 quae
315 3325 337 3378 si
350 3324 527 3396 corrigantur
538 3323 576 3376 sic
590 3334 622 3376 ut
632 3341 683 3395 par
695 3333 744 3392 est,
759 3323 785 3378 ia
797 3320 879 3378 κτίσει
892 3324 1015 3381 Παλικῶν
1061 3323 1143 3380 πλουν
1155 3325 1254 3378 tribuit
1265 3325 1372 3396 Scylaci
1384 3324 1495 3397 Polyhii
1505 3323 1603 3396 aquali
1614 3363 1622 3390 ,
1634 3323 1746 3377 Panaetii
1758 3323 1844 3378 farni-

238 3410 289 3464 τῶν
311 3408 464 3476 Σικιλικῶν,
485 3427 569 3463 nemo
591 3427 650 3464 non
672 3426 704 3463 ea
721 3410 845 3464 censebit
866 3410 902 3464 ad
921 3412 1016 3468 locum
1061 3409 1846 3483 liari3idaperteialsnmest;namlaudathuncPeriplum

238 3496 375 3550 Macrobii
385 3496 419 3563 V,
434 3513 469 3567 19
479 3494 626 3550 referenda
638 3493 689 3570 [v.
701 3494 733 3549 ir.
747 3495 783 3550 83
793 3493 816 3571 ].
830 3519 843 3546 ν
854 3499 919 3552 llaec
930 3499 1016 3554 Bern-
1061 3498 1224 3554 Aristoteles
1235 3498 1316 3554 Polit.
1327 3499 1391 3566 vlt,
1408 3503 1452 3562 ri.
1463 3496 1540 3555 Pieri
1549 3514 1617 3551 vero
1625 3497 1719 3570 potuit
1729 3505 1761 3550 ut
1771 3497 1847 3569 scy-

188 3636 192 3646 ,
238 3581 376 3654 hardyus,
389 3582 534 3654 quiquam
546 3583 576 3635 in
588 3583 736 3654 pqstremis
747 3582 935 3654 conjecturam
946 3604 1016 3659 pro-
1061 3583 1126 3638 lacis
1131 3582 1251 3654 junioris
1261 3583 1588 3639 aetateabeoPolemone
1598 3581 1667 3659 (sire
1678 3585 1846 3638 nostrosive

239 3669 316 3736 tulit,
332 3685 392 3722 eam
415 3677 611 3741 argumentum
630 3668 779 3742 fragmenti
793 3669 828 3727 ir.
850 3669 887 3725 38
902 3674 1016 3729 minime
1061 3667 1144 3743 alio),
1156 3687 1239 3740 quem
1250 3667 1374 3739 ejusdem
1383 3670 1510 3724 Panaetii
1518 3668 1642 3724 sodalem
1654 3665 1845 3734 Suidasdicit,

239 3753 430 3820 commendat,
444 3771 536 3828 neque
551 3754 707 3828 quidquam
721 3757 787 3812 inde
800 3758 952 3828 lucramur,
964 3763 1016 3816 nisi
1061 3765 1089 3808 et
1110 3756 1159 3827 qui
1172 3755 1286 3810 sortasse
1301 3774 1365 3810 cum
1386 3755 1499 3828 Scylace
1509 3754 1624 3826 juniore
1643 3755 1673 3808 iri
1686 3753 1768 3809 Caria
1791 3771 1848 3828 per

238 3840 311 3898 forte
325 3843 407 3898 etiarn
416 3842 521 3896 librum
534 3845 577 3898 De
588 3845 670 3898 Ponti
682 3844 799 3898 urbibus
808 3845 953 3900 Polemoni
966 3847 1016 3902 ab·
1060 3851 1169 3915 tempus
1180 3841 1297 3916 aliquod
1306 3842 1384 3915 degit
1394 3841 1486 3916 (certe
1497 3841 1533 3896 de
1546 3841 1633 3897 Cariae
1645 3840 1767 3896 urbibus
1781 3841 1847 3896 duo

236 3927 421 4000 judicandum
456 3947 512 3984 esse
537 3931 684 3985 censueris.
713 3931 843 3986 &terum
866 3934 1016 3989 rectissime
1060 3927 1213 4002 iragrnenta
1234 3929 1299 4004 (34.
1314 3926 1368 4002 35)
1384 3929 1545 3984 Polemonis
1558 3923 1847 4002 habemus),norarn

238 4015 435 4088 Bemhardyus
448 4017 587 4071 monuisse
603 4017 673 4070 milri
687 4015 811 4088 videtin,
826 4017 895 4072 nihil
906 4020 1015 4076 subesse
1060 4016 1167 4088 antiqui
1189 4016 1282 4088 operis
1304 4015 1495 4071 recensionem
1512 4015 1678 4070 institueret.
1695 4014 1733 4072 n't
1758 4015 1849 4070 nimis

240 4111 272 4156 ut
280 4099 407 4174 κωμικὴν
421 4097 575 4177 περιήγησιν
587 4120 603 4157 a
616 4102 703 4158 Suida
713 4115 960 4162 commemoratam
971 4107 1016 4162 de·
1059 4101 1117 4156 haec
1127 4103 1232 4156 incerta
1243 4111 1323 4170 sunt,
1333 4111 1367 4155 ut
1381 4101 1486 4156 diutius
1497 4103 1530 4156 iis
1542 4102 1686 4156 immorari
1701 4101 1801 4157 velim.

242 4197 421 4261 torqueamus
434 4187 470 4242 ad
482 4189 690 4262 inscriptionem
704 4191 810 4264 operis,
824 4209 881 4263 quo
892 4211 1015 4266 compre·
1099 4189 1234 4260 Sequitur
1247 4187 1333 4242 altera
1350 4189 1510 4262 inscriptio,
1526 4183 1734 4257 Ἑλλαδικιίς,
1753 4205 1849 4260 quarn

239 4273 430 4330 henderentur
442 4276 545 4348 scripta
557 4277 661 4344 omnia,
677 4294 739 4349 quae
751 4277 787 4333 de
797 4279 911 4352 singulis
922 4282 1016 4354 regio-
1059 4273 1157 4329 Suidas
1164 4275 1201 4329 ita
1208 4283 1354 4342 memorat,
1361 4284 1394 4330 ut
1401 4277 1484 4330 etiam
1493 4276 1687 4350 incognomen
1694 4275 1851 4348 scriptoris

239 4360 322 4415 nibus
329 4361 445 4416 Polemo
453 4361 613 4435 singillatim
621 4364 763 4432 emiserat,
775 4373 803 4418 et
812 4366 841 4418 in
850 4383 914 4420 suos
923 4366 1014 4438 quod·
1059 4360 1156 4415 abiisse
1168 4359 1258 4416 videri
1270 4361 1365 4432 possit.
1379 4361 1525 4416 Laudatur
1534 4363 1631 4416 timlus
1644 4361 1756 4416 duobus
1772 4363 1850 4418 locis

241 4463 296 4518 que
306 4446 394 4502 libros
401 4447 590 4503 distribuerat.
599 4447 634 4502 Et
643 4466 679 4503 ne
690 4448 782 4504 dicam
790 4451 899 4506 nullum
905 4451 963 4522 ejus
974 4455 1014 4508 rei
1059 4447 1184 4502 Athenai
1208 4445 1260 4520 (ir.
1275 4465 1311 4500 aa
1325 4457 1352 4502 et
1366 4445 1434 4522 αδ),
1444 4448 1493 4504 sed
1506 4450 1545 4504 ita
1553 4459 1587 4504 ut
1597 4448 1633 4504 de
1644 4449 1767 4503 auctoris
1779 4449 1849 4510 :no-

241 4531 376 4586 indicium
387 4535 416 4587 in
429 4533 591 4608 fragmentis
603 4552 762 4603 occurrere,
774 4537 889 4590 omniuo
902 4555 959 4591 non
966 4555 1015 4592 re·
1059 4533 1133 4588 mine
1144 4532 1285 4603 injiciatur
1295 4533 1446 4588 dubitatio.
1460 4535 1531 4590 Nam
1541 4545 1664 4606 utroque
1676 4533 1849 4591 loco-Athe-

241 4619 354 4674 risimile
364 4621 529 4692 estquodin
538 4620 728 4676 describendis
734 4622 845 4678 Gracia
855 4624 1015 4696 regionibus
1060 4639 1134 4675 naeus
1145 4621 1204 4676 aii:
1221 4616 1348 4694 Πολέμων
1362 4615 1380 4686 ἢ
1395 4615 1464 4684 ὅστις
1478 4617 1547 4676 ἔστιν
1560 4622 1574 4676 ὃ
1588 4617 1701 4689 ποιήσαι
1713 4616 1757 4676 τὸν
1777 4621 1845 4678 ἔπι-

240 4705 388 4778 praecipuis
399 4715 483 4777 atque
495 4704 531 4760 de
542 4707 596 4760 llio
606 4708 694 4780 patria
707 4719 736 4762 et
746 4707 867 4764 Dodona
879 4719 907 4762 et
917 4709 1015 4764 Samo-
1059 4707 1220 4787 γραφόμενον
1236 4705 1398 4767 Ἑλλαδικόν.
1410 4711 1491 4768 Idem
1505 4729 1590 4785 opus,
1602 4697 1729 4766 titulo-in
1739 4714 1851 4788 vulga-

242 4787 357 4856 thracia,
370 4791 594 4862 antiquariorum
606 4792 723 4866 deliciis,
735 4795 861 4867 prestitit
870 4796 1014 4866 Polemon,
1059 4801 1163 4852 riorem
1171 4798 1289 4852 fordiam
1297 4799 1494 4867 malemntato,
1502 4799 1617 4854 laudant
1625 4789 1682 4854 lul.
1690 4799 1852 4857 Africanus

241 4873 317 4928 idem
327 4875 371 4929 vel
382 4877 470 4932 simile
481 4877 551 4949 quid
562 4880 646 4934 etiarn
656 4879 692 4936 de
702 4881 816 4954 reliquis
826 4883 908 4937 terris
917 4883 1014 4940 Graeco
1061 4883 1114 4959 (fr.
1135 4882 1226 4960 rllet
1239 4885 1383 4940 scholiasta
1397 4885 1673 4961 Aristidis,quorum
1685 4887 1731 4942 ille
1748 4885 1851 4944 Πολέ-
1932 4929 1933 4948 2

241 4959 349 5016 homini
361 4970 421 5018 turn
433 4966 603 5037 patentibus,
619 4967 654 5022 ab
668 4984 702 5022 eo
722 4970 874 5040 praetium
895 4988 951 5026 esse
970 4972 1015 5026 vel
1061 4991 1116 5044 μων
1127 4970 1154 5026 ἐν
1165 4971 1198 5046 τῇ
1210 4967 1301 5049 πρῴτῃ
1311 4971 1362 5028 τῶν
1374 4967 1537 5041 Ἑλληνικῶν
1549 4972 1734 5049 ίστοριῶν(ὀε
1743 4977 1853 5046 Apide

241 5050 363 5121 praestari
377 5052 508 5122 potuisse.
527 5054 631 5108 Praeter
640 5055 798 5109 nominatos
811 5065 904 5112 antem
918 5056 1014 5126 libros,
1036 5051 1041 5114 Ι
1060 5076 1125 5132 rege
1138 5060 1256 5134 Argivo,
1269 5061 1320 5114 sub
1334 5079 1392 5132 quo
1404 5079 1467 5134 pars
1478 5062 1674 5134 AEgyptiorum
1684 5063 1711 5114 in
1726 5061 1852 5132 Syriam
