3910 5728
513 319 583 444 L.
619 310 953 447 CINCIUS
984 307 1490 444 ALIMENTUS.

204 557 266 668 P.
285 547 721 667 CORNELIUS
743 545 1008 663 SCIPIO.
1026 545 1089 662 C.
1111 545 1416 664 ACILIUS
1438 543 1795 662 GLABRIO.

784 833 1196 888 w:

267 1113 313 1195 ι.
344 1100 562 1194 cincius
588 1099 919 1190 acinarius.
1027 1069 1170 1124 mm...
1191 1065 1333 1142 ‹xxm›
1353 1065 1399 1140 ⁵t
1421 1069 1512 1140 Q...
1531 1071 1707 1142 provinciam
1727 1072 1803 1126 ...1

1027 1156 1077 1212 diu
1091 1155 1214 1211 obtinuit
1226 1155 1352 1221 Cincius,
1365 1173 1453 1227 quum
1462 1157 1602 1226 Larinas,
1617 1176 1653 1212 ne
1672 1157 1802 1224 dictator,

1027 1261 1111 1316 quem
1122 1261 1156 1297 ex
1164 1251 1273 1296 senatrrs
1282 1240 1397 1296 decreto
1409 1243 1489 1315 plebs
1497 1240 1635 1313 jussisset,
1648 1246 1737 1298 invito
1749 1245 1802 1300 sibi

245 1340 288 1395 Μ,
311 1337 419 1390 Hrnrz.
432 1331 474 1386 De
496 1331 587 1384 lamiis
609 1327 712 1383 Cinciis
732 1325 868 1406 [ReroRn.
893 1327 982 1404 1842)
1027 1328 1256 1396 essctdicendus,
1267 1327 1338 1382 clam
1352 1339 1436 1383 nocte
1446 1329 1475 1382 in
1486 1329 1607 1384 Siciliam
1619 1331 1738 1398 rediret,
1752 1333 1802 1388 ubi

205 1447 234 1502 p,
254 1425 271 1480 3
294 1443 301 1477 :
325 1446 337 1470 (t
354 1420 448 1491 Quum
465 1435 558 1490 neque
580 1418 610 1470 in
627 1415 820 1470 consularibus
841 1433 934 1488 neque
955 1417 983 1470 in
1027 1427 1055 1471 et
1068 1418 1093 1472 ei
1106 1429 1134 1472 et
1146 1417 1243 1472 Cincio
1257 1417 1286 1468 in
1298 1434 1402 1470 annum
1415 1418 1605 1490 insequentem
1617 1429 1802 1492 prorogatum

206 1508 421 1584 triumphalibus
429 1505 503 1560 fastis
514 1504 597 1558 ullius
608 1499 750 1558 Cinciifiat
761 1503 984 1574 mentio,neque
1028 1513 1068 1556 est
1088 1503 1238 1575 imperinm
1256 1520 1321 1556 cnm
1341 1504 1467 1557 exercitu
1490 1505 1642 1572 Cannensi,
1665 1523 1750 1578 quem
1768 1523 1804 1561 ex

208 1601 355 1673 quisquam
373 1609 472 1648 eorum
484 1599 585 1664 praeter
604 1599 731 1644 nostrum
745 1606 777 1642 ac
796 1589 836 1644 M.
857 1589 984 1644 Cincium
1028 1589 1238 1662 militibus,qui
1247 1607 1282 1642 ex
1293 1589 1442 1645 CnFulvii
1451 1603 1624 1662 superessent
1635 1593 1802 1666 legionibus,

208 1688 377 1744 alimentum
387 1720 395 1748 ,
407 1690 442 1735 tr.
453 1679 493 1753 pl.
504 1695 530 1734 a.
542 1696 571 1732 u.
583 1673 657 1744 530,
668 1676 736 1748 legis
746 1675 847 1730 Cincin
856 1673 894 1729 de
903 1674 985 1730 donis
1026 1675 1094 1748 jussi
1108 1687 1173 1732 sunt
1183 1676 1314 1749 supplere
1333 1695 1340 1729 ι
1354 1677 1459 1731 Laevini
1471 1679 1546 1732 enim
1560 1679 1682 1751 legiones
1692 1681 1727 1750 Q.
1743 1670 1809 1734 Fuit-⁴

209 1791 242 1828 ac
252 1769 415 1826 muneribus
426 1767 561 1834 latorem,
574 1761 611 1816 ad
621 1761 824 1833 rempublicam
834 1759 986 1833 gerendam
1033 1765 1080 1818 vio
1095 1782 1152 1818 eos.
1169 1774 1249 1818 erant
1268 1763 1402 1832 decretae,
1420 1765 1605 1836 quamobrem
1618 1765 1653 1836 Q.
1668 1767 1805 1822 Maximus

210 1858 352 1915 accessisse
374 1852 513 1921 videatur,
527 1851 620 1905 minus
639 1847 764 1902 nobilem
783 1846 856 1902 hanc
875 1839 986 1920 gemelti
1029 1855 1064 1925 Q.
1079 1851 1159 1910 Fabii
1174 1854 1294 1908 consulis
1306 1853 1405 1909 filiusa
1419 1857 1605 1928 patremissus
1619 1857 1738 1930 amplius
1751 1860 1804 1912 tria

208 1945 346 2018 plebeiam
356 1941 437 1996 suisse
449 1954 549 1992 censeo
563 1953 648 2008 qnam
660 1934 804 2006 antiquam
814 1941 842 1988 et
852 1951 987 1987 numero·
1030 1941 1116 1996 millia
1127 1941 1248 1994 militum
1262 1957 1297 1996 ex
1315 1942 1443 1996 Fulviani
1458 1943 1597 1996 exercitus
1612 1943 1737 2016 reliqniis
1751 1943 1805 1997 ail-

208 2051 277 2089 sam.
288 2033 352 2085 lloc
363 2045 430 2082 vero
442 2026 539 2081 Festus
551 2041 582 2096 p.
599 2022 655 2078 262
667 2022 748 2078 Miill.
768 2019 893 2094 prodere
905 2019 987 2076 vide-
1031 2025 1127 2096 duxit,
1142 2027 1265 2081 reserens
1278 2025 1344 2081 inde
1358 2025 1427 2081 duas
1438 2028 1498 2082 illas
1509 2029 1634 2101 legiones
1649 2038 1677 2084 et
1693 2031 1805 2102 triginta

209 2129 256 2172 tur
266 2137 273 2172 ι
283 2117 437 2170 Romanam
446 2122 557 2185 portam
568 2111 669 2184 nnlgm
680 2109 807 2181 appellat
817 2107 864 2162 nbi
875 2126 912 2160 ex
926 2113 986 2180 epi·
1031 2114 1260 2185 quinqueremes,
1283 2131 1352 2185 quas
1366 2115 1518 2168 Tarentum
1533 2114 1569 2170 ad
1590 2126 1699 2188 patrem
1713 2115 1804 2171 duce-

208 2206 291 2276 stylio
304 2201 498 2273 insulsaque.
514 2199 654 2268 (lullonis
665 2196 702 2248 ab
714 2199 833 2266 antiquis·
846 2195 988 2266 appellari
1029 2211 1088 2266 ret,
1101 2200 1169 2286 dpm
1184 2211 1276 2258 cetera
1289 2201 1371 2256 classe
1384 2200 1540 2273 praedatum
1558 2203 1588 2255 in
1607 2202 1729 2257 Africam
1746 2213 1806 2258 tm.

209 2293 301 2346 solitus
314 2299 461 2343 eststatuoe
471 2287 583 2348 Cincioe,
600 2284 675 2356 quod
681 2287 712 2335 in
725 2279 823 2350 eosait
833 2281 986 2353 sepulcrum
1029 2283 1114 2356 jiccre
1127 2299 1176 2342 ant
1187 2288 1245 2360 ipse
1257 2289 1385 2342 Laevinus
1393 2287 1509 2359 jubetur
1522 2299 1569 2343 aut
1582 2290 1694 2344 mittere
1711 2308 1746 2344 eo
1760 2290 1806 2344 vel

209 2373 412 2450 ejusfamilice.
429 2371 509 2427 Conf.
524 2369 600 2426 Paul.
618 2369 735 2423 Diacon·
748 2384 778 2440 p.
796 2363 831 2436 57
845 2367 883 2422 M·
899 2385 905 2419 :
921 2367 986 2420 Clit-
1031 2374 1065 2428 L.
1081 2374 1207 2429 Cincium
1220 2375 1264 2429 vel
1280 2375 1420 2430 Valerium
1430 2376 1581 2430 Messalam.
1592 2376 1698 2430 Laevini
1712 2385 1805 2431 tamen

209 2469 256 2516 δία
267 2465 340 2516 locus
352 2461 462 2525 Romae,
480 2456 526 2510 ubl
542 2453 696 2510 Cinciumm
712 2457 908 2507 monimentum
914 2449 985 2521 still.
1031 2461 1119 2532 copiae
1134 2479 1187 2534 per
1198 2461 1334 2516 Numidas
1344 2479 1459 2534 quoque
1469 2463 1623 2536 transfugas
1634 2462 1808 2517 Siculorum.

210 2549 319 2604 Eodem
341 2548 370 2600 ln
392 2547 457 2600 loco
478 2543 606 2616 antiquas
627 2539 788 2596 Cinciorum
812 2537 884 2593 aetles
906 2538 988 2594 fuisse
1031 2564 1087 2618 que
1109 2547 1231 2620 aliquem
1253 2547 1393 2604 delectum
1411 2559 1498 2603 auctae
1520 2549 1586 2603 inde
1610 2567 1669 2603 non
1692 2549 1807 2604 minum

210 2636 277 2691 inde
295 2633 441 2704 confidas,
457 2629 537 2704 quod
561 2627 756 2701 anllqulSSlmls
772 2625 947 2698 temporibus
959 2627 989 2679 in
1031 2645 1108 2702 sunt,
1121 2645 1152 2688 ut
1166 2635 1290 2690 duorum
1308 2637 1481 2690 exercituum
1501 2637 1622 2708 speciem
1635 2647 1728 2708 posset
1745 2653 1806 2690 ser..

211 2741 259 2780 sua
272 2722 389 2794 quisque
403 2717 490 2773 domo
504 2717 628 2789 sepultus
648 2731 706 2769 esse
722 2713 874 2768 traditura
890 2713 988 2768 Servio
1031 2737 1113 2788 vare,
1128 2738 1250 2793 quorum
1266 2721 1353 2776 altero
1367 2739 1432 2777 cum
1452 2721 1567 2777 dimidia
1587 2723 1670 2776 classe
1690 2723 1722 2777 L.
1738 2723 1807 2778 Cin-

212 2821 240 2865 et
253 2807 362 2864 Isidoro
381 2805 432 2878 (cs.
458 2806 587 2861 &euter-
608 2802 705 2856 ΛΜΗ
719 2798 818 2874 p.l.55
836 2801 903 2858 edit·
921 2801 988 2877 alt-3
1033 2805 1108 2862 cium
1133 2819 1324 2880 campartem
1349 2809 1459 2876 insulae,
1483 2827 1539 2881 qua
1560 2809 1691 2863 Hieronis
1715 2807 1806 2864 fuerat

212 2897 346 2952 Klansen.
359 2897 463 2948 AEnens
473 2911 501 2946 u.
512 2892 540 2946 d.
550 2893 676 2946 Penaten
685 2907 715 2962 p.
730 2889 820 2957 1016;
831 2889 986 2962 Heraberg.
1031 2909 1167 2965 regnum,
1179 2895 1251 2948 tueri
1262 2893 1353 2964 jussit,
1365 2895 1454 2948 altero
1471 2895 1528 2966 ipse
1541 2887 1662 2948 ceteram
1673 2895 1806 2949 tuebatur

211 2985 255 3038 De
264 2984 318 3038 diis
326 2983 406 3038 Rota.
413 2984 527 3054 patriis,
535 2979 599 3034 Hal.
612 2976 698 3046 tillo,
709 2994 740 3049 p.
755 2994 790 3032 ιο
801 2975 867 3050 sq).
884 2998 896 3025 ι
1032 2979 1148 3034 insulam
1164 2979 1304 3054 (XXVII,
1319 2999 1344 3035 c.
1359 2999 1374 3050 7
1391 2999 1433 3053 sq.
1442 2977 1461 3056 ).
1475 2983 1509 3035 ln
1522 2999 1626 3035 annum
1639 2980 1743 3036 deinde
1757 2983 1803 3034 in-

250 3069 410 3126 Secundnm
429 3067 557 3140 Pigbinm
572 3062 617 3136 (in
629 3066 704 3120 Ann.
721 3073 791 3117 tom.
807 3064 891 3135 11‚p.
918 3070 987 3132 riu,
1032 3077 1194 3139 sequentem
1216 3069 1249 3122 L.
1272 3068 1347 3121 lulio
1372 3067 1469 3122 Caesari
1494 3069 1608 3140 praetori
1633 3085 1697 3122 cum
1719 3069 1808 3123 milite

216 3175 285 3226 171,
300 3153 366 3230 ¹7⁸)
376 3157 412 3210 L.
423 3154 534 3208 Cincius
548 3152 703 3206 Alimentus
714 3143 836 3221 quaestor
847 3148 900 3204 suit
914 3167 940 3204 a.
956 3169 986 3206 ιι.
1033 3151 1170 3210 Cannensi
1181 3154 1326 3226 provincia
1339 3153 1403 3208 data
1418 3165 1457 3208 est
1471 3154 1577 3222 Sicilia,
1588 3155 1704 3210 Laevino
1715 3155 1808 3227 inpe-

213 3263 238 3300 c.
254 3241 326 3311 533,
340 3239 572 3311 tribunusplebis
592 3255 617 3294 a.
633 3255 663 3292 u.
678 3254 703 3292 c.
720 3233 793 3309 539,
812 3235 898 3290 aedilis
912 3238 988 3309 pla.
1033 3239 1106 3293 rium
1127 3247 1312 3313 prorogatum
1331 3251 1360 3294 et
1382 3241 1471 3295 classis
1493 3244 1666 3315 septuaginta
1689 3243 1804 3296 navium

212 3349 243 3387 ιι.
257 3349 282 3388 c.
294 3327 362 3393 541.
375 3327 445 3398 Quae
457 3343 541 3398 qnam
555 3321 639 3378 firmo
651 3324 777 3377 nitannrr
789 3322 972 3378 fundamento
980 3365 989 3394 ,
1033 3326 1144 3392 relicta,
1156 3337 1188 3380 ut
1201 3345 1265 3381 cum
1277 3345 1309 3381 ea
1320 3329 1434 3400 triginta
1449 3329 1567 3383 navibus
1579 3331 1699 3384 Tarento
1714 3346 1807 3384 arom-

213 3433 265 3472 nos
272 3415 331 3488 jam
343 3433 402 3468 nou
413 3413 574 3485 quaerimus.
590 3411 718 3466 Certiora
731 3409 818 3468 tradit
830 3411 940 3478 Lirins,
955 3429 989 3466 ex
1033 3413 1090 3468 sitis
1100 3423 1181 3468 ancta
1195 3425 1261 3468 tunc
1273 3413 1401 3482 demum,
1417 3415 1439 3468 si
1453 3415 1506 3488 ipsi
1522 3414 1676 3482 rideretur,
1693 3415 1807 3488 preda-

214 3520 272 3575 qno
282 3510 387 3574 prator
400 3499 430 3556 L.
440 3499 551 3554 Cincius
562 3505 670 3553 creatus
681 3507 723 3553 est
736 3515 762 3554 a.
774 3515 802 3552 u.
815 3515 840 3552 c.
852 3494 907 3561 544
921 3494 989 3571 (aro
1035 3511 1094 3554 tum
1109 3501 1139 3554 in
1152 3500 1277 3555 Africam
1294 3500 1434 3570 trajiceret
1449 3497 1588 3576 (XXVII,
1604 3502 1655 3574 aa)
1675 3519 1682 3559 :
1696 3501 1811 3558 Cincius

214 3609 240 3646 a.
270 3587 321 3663 C.)
344 3589 384 3642 Μ.
410 3585 530 3644 Claudio
550 3586 683 3640 Marcello
712 3586 751 3640 lv
772 3593 800 3638 et
818 3584 857 3641 Μ,
878 3585 989 3640 Valerio
1033 3603 1102 3641 vero
1118 3585 1158 3661 (c.
1172 3585 1224 3660 26)
1237 3587 1384 3641 consulum
1399 3587 1487 3642 literis
1499 3587 1536 3642 ad
1548 3587 1698 3662 Magonem
1711 3587 1810 3645 Locris

214 3675 329 3732 Laevino
341 3675 370 3728 11
383 3691 454 3729 com.
468 3674 512 3728 lta
520 3673 595 3727 enim
607 3673 703 3728 Livius
716 3669 990 3740 xxvl‚23:1>roe-
1034 3673 1257 3746 oppugnandum
1278 3691 1312 3727 ex
1332 3673 1425 3728 Sicilia
1439 3691 1503 3728 cnm
1524 3674 1608 3729 classe
1628 3675 1733 3730 excitus
1751 3685 1808 3745 est,
1864 3701 1870 3710 ·

214 3767 288 3817 toria
303 3763 369 3816 inde
388 3763 500 3816 comitia
522 3759 630 3814 liubila.
650 3751 693 3814 P.'
708 3759 838 3813 Manlius
860 3759 943 3811 Viuo
965 3773 993 3814 er
1034 3760 1111 3832 cujus
1124 3761 1309 3832 imperinmei
1323 3761 1451 3814 relictum
1465 3759 1662 3830 esseridetur3
1675 3761 1810 3834 quemad

214 3853 248 3908 L.
263 3851 391 3904 Manlius
404 3847 541 3904 Acidinus
549 3857 580 3900 et
593 3846 626 3901 C.
640 3848 773 3900 Loerorius
787 3857 815 3898 et
830 3847 864 3900 L.
878 3845 991 3901 Cincius
1032 3863 1094 3901 rem
1113 3863 1221 3901 summa
1237 3848 1279 3916 vi,
1296 3847 1429 3919 operibus
1451 3857 1712 3920 tormentorumque
1729 3849 1808 3904 omni
1909 3861 1912 3866 ·

215 3939 374 3992 Alimentus
391 3941 479 3991 creati
490 3946 563 3990 sunt.
583 3935 761 3990 Provinciam
775 3934 898 3989 obtinuit
915 3935 990 3991 sici·
1033 3951 1135 4007 genere
1151 3953 1186 3990 ex
1202 3935 1295 3990 Sicilia
1308 3933 1444 4004 advecto,
1461 3937 1582 3993 accessit.
1600 3937 1701 4010 Mago,
1717 3953 1806 4008 quum

174 4051 178 4058 ·
215 4026 291 4083 liam.
304 4025 397 4081 Livius
410 4024 429 4080 l.
443 4023 463 4080 1.
477 4041 502 4078 c.
517 4021 554 4078 ιδ
568 4041 575 4080 :
589 4023 737 4077 Decrevere
748 4023 991 4091 Patres,ntalteri
1035 4018 1219 4076 Hannibalem
1233 4021 1536 4092 consulibusdevictis,
1550 4023 1683 4078 Marcello
1700 4024 1807 4092 occiso,

215 4115 355 4168 consultam
378 4113 469 4167 Italia
485 4111 640 4184 bellumque
660 4129 722 4164 cnm
741 4111 901 4165 Hannibale
919 4129 988 4184 pm·
1035 4109 1139 4164 auxilio
1152 4110 1248 4164 venite
1257 4109 1310 4182 ipsi
1319 4109 1478 4162 nuntiatum
1487 4119 1570 4178 esset,
1585 4109 1665 4165 ferox
1677 4111 1809 4165 inbostes

216 4205 308 4254 vincia
321 4209 414 4254 esset.-
430 4197 503 4250 alter
511 4199 641 4263 classem,
655 4201 701 4251 eui
718 4197 750 4250 Τ.
767 4197 901 4250 Otacilius
911 4215 991 4269 proe·
1034 4197 1137 4268 erupit.
1158 4197 1253 4250 Primo
1277 4213 1379 4268 anceps
1400 4205 1460 4250 erat
1480 4207 1630 4252 certarnen.
1648 4196 1758 4252 Deinde
1776 4210 1810 4252 nt

213 4282 325 4353 sunsei,
351 4283 529 4356 Siciliamque
548 4287 722 4355 provinciam
749 4301 810 4336 cnm
837 4285 870 4338 L.
895 4282 991 4339 Cincio
1034 4281 1219 4338 Numidarum
1244 4284 1382 4355 equitatus
1406 4283 1441 4337 ab
1472 4283 1628 4338 Hannibale
1654 4284 1810 4355 praemissus

216 4373 365 4438 obtinerem
377 4381 406 4426 et
416 4369 514 4443 paucis
527 4367 680 4440 interjectis
696 4388 703 4423 ε
719 4371 751 4424 L.
767 4371 862 4427 Cincio
868 4376 990 4442 praetori
1035 4370 1211 4441 supervenit,
1224 4377 1316 4422 tantus
1328 4386 1418 4440 pavor
1429 4378 1470 4423 est
1482 4369 1616 4425 Romanis
1632 4367 1765 4439 injectus,
1776 4382 1811 4426 ut

217 4457 258 4510 ad
275 4457 450 4512 obtinendam
472 4456 598 4510 Siciliam
614 4455 773 4510 Cannenses
792 4458 894 4510 milites
908 4457 984 4523 duri,
1034 4457 1134 4527 passim
1148 4455 1185 4510 ad
1200 4473 1277 4510 mare
1295 4465 1324 4510 et
1336 4473 1420 4510 naves
1435 4455 1578 4530 tugerent,
1594 4455 1698 4510 relictis
1714 4457 1810 4527 operi-

217 4545 334 4598 dnurum
361 4549 450 4598 instar
484 4545 633 4618 legionum.
665 4566 677 4594 ι
710 4542 856 4617 Agrigenti
885 4541 992 4600 deinde
1034 4535 1411 4615 busmachinisque,quiburi
1420 4538 1807 4614 murosquatiebantlcmll).

219 4630 343 4702 (Hertzii
354 4631 439 4685 verba
447 4632 524 4705 sunt)
534 4631 742 4703 multarumque
751 4631 867 4686 alianum
876 4629 991 4685 urbium
1034 4629 1193 4683 Locrorum
1216 4629 1363 4684 obsidione
1391 4630 1431 4684 sic
1458 4629 1550 4683 soluta
1573 4629 1694 4682 Romam
1723 4627 1810 4683 rediit

220 4717 263 4770 vel
287 4715 426 4771 deditioni
452 4717 498 4771 vel
519 4718 720 4791 expugnationi
744 4715 857 4772 ridetur
882 4715 990 4772 siluisse
1035 4715 1159 4784 Cincius;
1173 4715 1249 4770 unde
1259 4726 1351 4771 tamen
1361 4717 1457 4788 paucis
1467 4715 1566 4771 diebus
1574 4723 1639 4786 post
1649 4731 1712 4768 cum
1722 4714 1810 4770 Sexto

221 4803 296 4875 (Liv.
312 4820 336 4857 c.
351 4802 406 4874 lo]
418 4821 482 4857 cum
493 4805 624 4872 Laevino,
644 4805 690 4858 cui
703 4821 735 4858 ea
751 4803 896 4876 provincia
911 4803 991 4857 obti-
1035 4802 1111 4856 lulio
1132 4801 1238 4858 Caesare
1261 4801 1316 4874 (cf.
1333 4803 1459 4857 Klausen
1480 4803 1500 4860 l.
1516 4802 1536 4858 l.
1555 4819 1586 4874 p.
1606 4799 1679 4854 1062
1700 4798 1758 4874 sq.)
1780 4813 1810 4856 et

219 4898 296 4960 gerat
309 4887 350 4960 (c.
365 4883 431 4962 29),
444 4887 535 4944 donec
548 4890 595 4944 ille
606 4900 742 4945 autumno
756 4889 813 4960 jam
826 4891 944 4944 instante
956 4889 992 4944 ad
1035 4891 1069 4945 L.
1086 4889 1195 4942 Licinio
1217 4889 1344 4943 Pollione
1363 4889 1487 4960 Capuam
1507 4887 1543 4942 ad
1557 4887 1713 4960 Crispinum
1736 4905 1811 4941 con-

220 4976 334 5029 comitia
347 4975 502 5030 consularia
514 4975 644 5030 habenda
656 4978 777 5031 Romam
789 4977 876 5032 literis
890 4978 993 5032 accitus
1036 4976 1124 5030 sulem
1134 4977 1229 5036 missus
1240 4985 1295 5044 est,
1310 4976 1359 5048 qui
1371 4977 1449 5050 gravi
1461 4975 1576 5030 tulnere
1588 4991 1736 5046 oppressus
1747 4975 1810 5030 lite·

220 5061 336 5158 inqulam
360 5079 375 5116 a
397 5077 426 5115 se
449 5071 575 5133 pacatam
599 5071 682 5134 atque
703 5063 855 5118 exercitum
878 5063 992 5134 pretori
1012 5013 1017 5101 l
1036 5080 1080 5116 ras
1093 5063 1212 5116 Romam
1226 5063 1386 5134 scripserat,
1401 5080 1430 5116 se
1447 5066 1615 5115 comitiorum
1636 5078 1734 5114 caussa
1753 5078 1809 5114 non
