3944 5728
824 343 1076 404 FRAGMENTA.
1694 355 1751 412 elie

199 499 235 540 sq,
253 505 264 531 ι
279 476 407 556 Ἀστάρτη
430 476 456 534 δὲ
477 479 494 546 ἡ
521 474 631 552 μεγίστη
653 489 698 532 και
720 473 785 540 Ζεύς
809 477 936 552 Δημαροῦ
980 469 1139 548 κοιμώμενος
1153 470 1247 530 ίύλεπε
1267 472 1311 532 καὶ
1333 473 1478 554 ίγρηγοριλς
1495 478 1635 554 ἐκοιμᾶτο·
1654 478 1698 537 καί
1713 479 1755 536 ἐπί

160 567 206 630 καλ
239 563 350 630 Ἀδωδος
375 561 495 642 βασιλεὺς
515 563 579 620 θεῶν
608 561 757 620 ίόασίλευον
781 564 826 630 τῆς
846 559 936 639 χώρας
979 561 1031 616 τῶν
1054 561 1156 635 πτερῶν
1180 559 1287 636 ὁμοίως,
1313 558 1352 618 ότι
1374 561 1571 638 ἀναπαυόμενος
1591 562 1687 624 ἵπτατο
1710 565 1755 623 καί

162 653 263 734 Κρόνου
274 651 378 731 γνιίιμῃ.
418 648 453 710 Ἤ
477 647 503 707 δδ
523 646 650 726 liudpr-q
663 647 772 718 ἐπέθηκε
783 653 816 724 τῆ
830 647 882 728 etp
894 670 937 706 ιιι-
980 644 1119 722 ίπτάμενος
1130 645 1284 707 άνεπαύετο.
1296 650 1359 714 Τοῖς
1371 648 1398 706 et
1407 651 1506 716 λοιποῖς
1518 656 1584 717 θεοῖς
1600 649 1645 710 δύο
1652 652 1756 732 θαάστῳ

161 744 233 820 φαλῇ
247 738 382 818 βασιλείας
393 737 551 812 παράσημον
574 734 690 814 κεφαλὴν
707 734 818 814 ταύρου·
834 757 936 814 περινο-
979 731 1140 812 πτερώματα
1155 731 1262 791 ἐπὶτῶν
1284 731 1373 810 ὤμων,
1391 739 1426 802 ὡς
1437 733 1477 794 ότι
1496 735 1528 808 el,
1543 737 1700 798 συνίπταντο
1718 763 1756 820 τῳ

161 833 259 888 στοῦσα
273 826 301 884 δὲ
315 823 361 896 τὴν
376 823 527 900 οἰκουμένην
549 812 621 900 εύρεν
635 823 762 900 οίεροπετῆ
777 819 889 901 άστίρα,
908 819 937 879 δν
984 819 1088 897 Κρόνῳ.
1132 818 1185 878 Καὶ
1199 822 1270 898 αὐτῷ
1283 820 1309 878 δὲ
1323 821 1402 879 πάλιν
1416 822 1459 880 ἐπί
1476 827 1522 894 τῆς
1542 827 1656 905 κεφαλῆς
1671 827 1755 905 πτερά

160 914 206 974 καῖ
224 911 366 988 ἀνελομένη
383 913 410 968 ἐν
421 907 499 990 Τύρῳ
518 933 550 988 τη
565 907 627 986 ἁγίῳ
639 908 710 989 νήσῳ
726 910 742 966 ά
765 908 864 988 ιε’ρωσε.
880 907 936 978 Τῆν
982 905 1042 964 δύο·
1056 905 1083 965 ίν
1097 905 1141 964 ἐπὶ
1164 911 1209 964 τοῦ
1222 909 1450 982 ἡγεμονικωτάτου
1471 915 1530 982 νοῦ,
1547 911 1591 969 καί
1611 911 1695 970 nne
1709 917 1756 984 τῆς

159 999 190 1060 δὲ
211 999 355 1080 Ἀστάρτην
372 996 492 1062 Φοίνικες
510 993 557 1066 τὴν
572 993 721 1075 Ἀφροδίτην
736 930 802 1052 είναι
821 993 935 1071 λίγουσι.
985 993 1137 1062 αἰσθήσεως.
1180 991 1226 1072 (ιο)
1239 991 1339 1053 Ἐλθιλν
1352 993 1514 1076 δῖθΚρόνος
1526 1003 1561 1064 εῖς
1572 997 1645 1057 νότου
1657 998 1757 1078 χώραν,

163 1086 217 1148 Καὶ
236 1090 251 1144 δ
274 1085 371 1165 Κρόνος
388 1080 532 1161 δῖπεριιὼν
554 1082 603 1152 τῆν
623 1081 774 1158 οἰκουμένην
794 1081 937 1161 Ἀθηνᾷτῇ
982 1081 1086 1138 ἅπασαν
1096 1081 1143 1150 τὴν
1151 1079 1282 1158 Αἴγυπτον
1293 1080 1372 1140 ἔδωκε
1385 1086 1434 1158 θεῷ
1443 1083 1758 1166 Τααύτῳ(’1ἀοθῷ6σίδ.

161 1176 254 1230 ίαυτοῦ
275 1171 382 1251 θυγατρί
403 1170 492 1228 δίδωσι
514 1173 560 1240 τῆς
583 1168 701 1238 Ἀττικῆς
721 1167 768 1240 τὴν
790 1168 934 1246 βασιλείαν,
981 1169 1066 1224 hicet
1078 1171 1108 1224 in
1121 1166 1214 1243 sqq.);
1235 1165 1307 1234 όπως
1319 1168 1448 1246 βασίλειον
1459 1173 1529 1249 αὐτῷ
1539 1171 1653 1248 γένηται.
1664 1175 1758 1232 Ταῦτα

161 1264 264 1336 Δοιμοῦ
277 1257 304 1316 δὲ
315 1254 453 1335 γενομένου
464 1255 509 1314 καλ
521 1260 628 1334 φθορᾶς,
644 1253 687 1312 τδν
702 1257 794 1314 ἑαυτοῦ
811 1259 936 1332 μονογενῆ
981 1249 1025 1326 δὲ,
1044 1253 1123 1334 φησί,
1137 1257 1235 1332 πρῶτοι
1255 1254 1359 1312 πάντων
1374 1257 1634 1332 ύπομνηματίσαντες
1648 1261 1672 1317 οῖ
1690 1259 1758 1316 ἑπτά

162 1345 216 1406 υίδν
233 1345 329 1426 Κρόνος
341 1346 455 1424 Οὐρανῷ
468 1344 506 1422 τῷ
520 1341 601 1422 πατρί
614 1343 757 1420 όλοκαρπυῖ
771 1344 808 1419 (l.
824 1345 936 1400 δλοκαυ-
983 1339 1069 1399 Συδὲκ
1082 1343 1173 1406 παῖδας
1194 1340 1335 1420 Κάύειροι,
1353 1342 1399 1400 καλ
1417 1346 1431 1400 ό
1449 1343 1511 1410 ίδιος
1527 1346 1576 1424 (al.
1593 1345 1638 1402 καί
1653 1345 1757 1424 ὄγδοος)

158 1435 234 1512 ποῖ),
245 1431 334 1491 καὶτὰ
347 1432 432 1490 αἰδοῖα
452 1427 649 1507 περιτέμνεται,
671 1429 751 1487 ταύτὸ
764 1433 872 1500 ποιῆσαι
892 1430 936 1490 καῖ
982 1429 1068 1486 αὐτῶν
1083 1427 1191 1508 ἀδελφὸς
1204 1427 1375 1504 Ἀσκληπιὸς,
1396 1433 1431 1495 ὡς
1444 1433 1529 1497 αὐτοῖς
1549 1431 1692 1490 ἐνετειλατο
1703 1433 1759 1499 θεὸς

162 1520 221 1586 τοὺς
235 1519 283 1594 ἅμ’
295 1520 366 1598 αὐτῷ
380 1516 534 1595 συμμάχους
548 1515 757 1592 καταναγκάσας.
775 1517 829 1576 Καῖ
840 1518 896 1594 μετ’
907 1519 936 1575 οὗ
982 1514 1111 1582 Τάαυτος.
1152 1519 1245 1576 Ταῦτα
1257 1516 1344 1574 πάντα
1368 1521 1382 1574 δ
1405 1517 1523 1588 Θαύίων,
1546 1515 1573 1583 t<
1594 1519 1756 1598 πάμπρωτος

161 1605 229 1666 πολύ
239 1605 324 1685 ίτερον
335 1605 414 1662 αὐτοῦ
424 1603 506 1662 παῖδα
516 1602 568 1660 ἀπὸ
579 1601 656 1669 Ῥέας
665 1601 852 1679 ὀνομαζόμενον
863 1601 938 1663 Μοθθ
982 1606 1033 1660 τῶν
1048 1606 1093 1662 ἀπ’
1105 1607 1197 1671 αἰῶνος
1209 1603 1349 1682 γεγονότων
1365 1604 1495 1665 Φοινίκων
1508 1605 1660 1685 ἱεροφάντης
1674 1608 1759 1678 ἀλλη-

163 1691 324 1752 ιῖποθανόντα
345 1693 454 1770 ἀφιεροῖ.
496 1689 618 1751 Θάνατον
638 1688 665 1747 δὲ
684 1695 773 1749 τοῦτον
787 1690 831 1748 καί
849 1690 938 1750 Πλού-
982 1687 1113 1768 γορῆσας,
1125 1699 1179 1756 τοῖς
1197 1713 1225 1748 τε
1237 1694 1353 1770 φυσικοῖς
1365 1691 1410 1749 καῖ
1424 1700 1558 1767 κοσμικαῖς
1571 1693 1679 1752 πάθεσιν
1692 1697 1760 1752 ἀνα·

162 1803 232 1838 τωνα
246 1777 366 1844 Φοίνικες
377 1777 538 1854 ὀνομάζουσι.
551 1779 595 1854 (es)
609 1775 662 1835 Καί
673 1776 716 1834 ἐπὶ
729 1775 826 1844 τούτοις
839 1781 853 1836 ό
868 1777 938 1856 Κρό-
984 1775 1074 1854 μίξας,
1087 1777 1223 1858 παρίδοικε
1232 1779 1285 1843 τοῖς
1296 1781 1405 1858 θργεῶσι
1417 1777 1461 1836 καῖ
1474 1781 1583 1838 τελετῶν
1597 1779 1758 1860 κατάρχουσι

163 1890 202 1932 νος
222 1865 321 1924 Βύόλον
343 1863 390 1941 μὲν
407 1863 455 1934 τὴν
469 1863 544 1922 πόλιν
561 1867 594 1940 τῇ
615 1867 661 1942 θεᾷ
675 1863 819 1933 Βααλτίδι,
840 1868 872 1942 τῇ
893 1863 939 1922 καί
983 1863 1141 1942 προφήταις·
1152 1866 1175 1922 οῖ
1189 1861 1216 1920 δὲ
1231 1863 1273 1922 τὸν
1287 1869 1365 1944 τῦφον
1380 1863 1464 1932 αὔξειν
1478 1867 1508 1924 ίκ
1521 1865 1616 1931 παντὸς
1627 1857 1759 1924 ίπινοοῦν·

162 1949 267 2030 nrum,
282 1951 387 2021 δίδωσι,
404 1949 521 2027 Βηρυτόν
533 1946 560 2006 δὲ
575 1950 717 2008 Ποσειδῶνι
735 1949 780 2007 καί
800 1948 938 2027 Καύείροις
982 1959 1107 2026 τες,τοῖς
1121 1953 1206 2009 αὐτῶν
1227 1951 1518 2031 διαδόχοιςπαρίδωκαν
1539 1953 1584 2012 καὶ
1603 1961 1655 2018 τοῖς
1672 1956 1760 2014 teste·

163 2039 296 2118 Ἀγρόταις
309 2060 337 2095 τε
350 2035 396 2094 καί
409 2034 544 2106 Ἁλιεῦσιν,
558 2037 582 2092 ni
603 2034 648 2094 καὶ
662 2033 695 2092 τά
709 2040 753 2093 τοῦ
769 2036 869 2094 Πόντου
882 2033 938 2092 λεί·
984 2033 1085 2104 άκτοις·
1101 2029 1137 2095 ῶν
1165 2029 1200 2104 εἷς
1215 2029 1247 2108 ῆν
1260 2037 1305 2096 καί
1318 2037 1431 2117 Εἰσίριος
1445 2041 1493 2116 (ι),
1513 2043 1565 2098 τῶν
1577 2043 1655 2120 τριῶν
1670 2063 1757 2119 γραμ·

162 2129 233 2205 ψανα
247 2129 282 2192 εἰς
293 2123 340 2194 τὴν
353 2121 469 2200 Βηρυτόν
483 2122 641 2200 άφιίρωσαν.
664 2120 723 2200 Πρδ
737 2119 763 2180 tl
777 2119 873 2180 retinen
884 2121 939 2187 θεδς
987 2122 1077 2198 μάτων
1090 2123 1205 2203 εὑρετὴς,
1218 2125 1326 2204 ἀδελφός
1340 2127 1399 2186 Xe&
1410 2133 1455 2186 τοῦ
1469 2125 1596 2207 [πρῶτον]
1614 2149 1759 2204 μετονομα-

163 2216 189 2272 Τ
190 2213 284 2278 άαυτος
307 2209 421 2287 trasei<
445 2210 541 2282 (isid.)
563 2209 743 2284 μιμησάμενος
763 2207 806 2266 τδν
831 2209 937 2286 οὔρανον
983 2208 1085 2277 σθίντος
1099 2210 1260 2277 Φοίνικος·

162 2303 214 2358 τῶν
233 2303 296 2358 θεῶν
309 2301 385 2374 (μιμ.
406 2299 457 2354 τῶν
476 2295 602 2354 συνόντων
614 2299 678 2354 θεῶν
690 2298 769 2356 (isid.
788 2316 804 2354 e
820 2297 935 2354 icodd.
1022 2317 1058 2356 ee.
1091 2290 1148 2358 Εἶθ’
1164 2297 1220 2370 ἑξῆς
1241 2289 1312 2365 αύθις
1331 2298 1457 2378 ἐπιλίγει·
1479 2327 1492 2352 α
1512 2303 1548 2360 Οἱ
1569 2299 1596 2358 δὲ
1615 2299 1761 2380 Ἕλληνες,

163 2388 214 2442 τῶν
226 2378 397 2464 οὖρανοέντων
406 2404 428 2440 s.
442 2381 602 2460 ούρανιιύνων
611 2385 630 2458 i)
646 2381 733 2461 ὄψεις,
744 2381 844 2460 Κρόνου
855 2403 882 2438 τε
893 2379 938 2440 καί
984 2383 1075 2463 streete
1087 2385 1187 2452 πάντας
1198 2385 1431 2464 ὑπερόαλλόμενοι,
1441 2385 1476 2444 se
1487 2385 1534 2462 μὲν
1546 2391 1638 2466 πρῶτα
1649 2390 1760 2446 πλεῖστα

162 2473 285 2548 Δαγῶνος
299 2470 343 2528 καλ
355 2472 406 2527 τῶν
418 2470 526 2546 λοιπῶν,
543 2467 685 2526 διετύπωσε
700 2467 757 2534 τούς
776 2465 859 2544 ῖεροθς
873 2487 938 2524 στοι-
983 2468 1166 2544 ἐξιδιύσαντο,
1193 2463 1249 2530 εἶτα
1271 2473 1316 2530 καλ
1338 2477 1391 2540 τοῖς
1413 2474 1618 2553 προκοσμήμασι
1638 2476 1762 2542 ποικίλως

162 2557 240 2637 χείων
255 2561 433 2636 χαρακτῆρας.
446 2553 491 2634 (ee)
511 2555 655 2626 Ἐπινόησε
675 2554 764 2614 δὲκαὶ
785 2558 823 2634 τῷ
848 2552 939 2634 Κρόνῳ
985 2554 1203 2640 ἐξετραγῴδησεν,
1219 2567 1275 2626 ταῖς
1297 2582 1326 2620 τε
1346 2563 1397 2618 τῶν
1421 2559 1509 2636 μύθων
1528 2563 1634 2632 ἡδοναῖς
1659 2561 1759 2640 θέλγειν

163 2643 310 2722 παράσημα
327 2641 474 2722 βασιλείας,
486 2643 594 2719 ὄμματα
609 2644 723 2722 τέσσαρα
735 2642 764 2698 ἐκ
776 2645 827 2699 τῶν
840 2643 939 2720 ἐμπρο-

164 2732 242 2790 σθίων
258 2732 303 2790 καὶ
317 2731 441 2790 ὀπισθίων
453 2735 549 2809 μερῶν,
564 2730 609 2788 δύο
623 2730 650 2788 δῖ
664 2733 751 2807 ἡσυχῇ
766 2728 880 2804 μύοντα,
894 2731 938 2786 καὶ
1035 2787 1039 2797 ,
1074 2781 1119 2822 γ’
1132 2777 1314 2839 &niumm
1324 2777 1436 2834 Mmk
1456 2777 1489 2826 h
1502 2779 1541 2826 καὶ
1553 2779 1581 2827 c.
1595 2778 1627 2832 tlt
1639 2777 1721 2826 lma
1732 2779 1760 2825 D·

164 2818 207 2876 ἐπὶ
216 2822 267 2875 τῶν
281 2815 360 2893 ὤμων
374 2815 457 2895 πτερδι
471 2817 599 2896 τέσσαρα,
618 2815 663 2874 δύο
677 2817 724 2892 μὲν
737 2819 771 2881 ὡς
791 2814 939 2888 ἱπτάμινα,
986 2853 1015 2898 Ε.
1025 2850 1051 2896 F·
1061 2850 1090 2896 G¹
1104 2848 1135 2902 εἰς
1151 2849 1208 2910 γρως
1225 2851 1253 2896 Η.
1266 2847 1299 2894 ὦ,
1310 2848 1342 2902 sle
1352 2847 1380 2906 ἦ,
1392 2848 1432 2895 „3
1447 2847 1526 2910 '¹⁶²9ss
1542 2849 1625 2908 slepi.
1639 2848 1673 2896 ὧν
1683 2847 1715 2902 ργς
1733 2846 1761 2907 ἦν

165 2903 210 2966 δύο
217 2905 244 2964 δὲ
258 2905 432 2986 ῶςίιφειμίνα.
444 2903 483 2964 Τὸ
497 2901 524 2962 el
539 2903 670 2979 σύμύολον
683 2895 724 2985 ἦν,
739 2901 829 2973 ἐπειδὴ
842 2901 938 2980 Κρόνος
988 2918 1067 2980 'impe
1079 2915 1157 2977 Viget.
1168 2931 1203 2978 γρ.
1215 2915 1259 2978 ipre
1272 2918 1298 2966 S.
1308 2915 1413 2977 καὶῐριος
1423 2918 1454 2964 V.
1473 2934 1486 2960 ν
1501 2915 1601 2974 linisset.

166 3097 313 3159 loquentium
324 3111 413 3160 genus,
425 3097 457 3146 ob
473 3097 587 3158 jectetnu
603 3096 668 3146 illem
684 3099 792 3144 reterurn
804 3095 941 3143 telieitetenn
986 3093 1032 3142 bus
1040 3091 1165 3154 euplieete
1173 3091 1241 3152 dne,
1253 3090 1375 3140 deserere
1385 3091 1514 3141 eentreete
1523 3103 1551 3139 ne
1559 3090 1667 3140 demisse
1675 3091 1762 3141 terent.

164 3185 304 3235 nuncupere
312 3175 396 3224 solent.
408 3177 498 3223 verum
508 3173 635 3224 nesterliie
643 3173 744 3236 scriptor
752 3171 882 3233 interiectis
890 3171 940 3234 qui·
987 3173 1065 3233 Atque
1077 3171 1204 3220 uentorum
1214 3169 1488 3232 symbolosignllleetnni
1497 3169 1730 3219 relebetsetnrunnn
1739 3175 1765 3219 et

164 3249 266 3300 busderu
275 3250 308 3299 ite
319 3253 470 3312 prosequitur
481 3269 488 3300 ι
987 3248 1127 3298 dormiendo
1138 3261 1234 3298 eernere
1243 3251 1267 3299 et
1274 3249 1378 3298 dormire
1385 3249 1520 3312 rigllundu;
1533 3247 1626 3298 elerum
1635 3249 1717 3298 eutem
1724 3284 1732 3308 ,
1739 3251 1764 3297 et

195 3330 234 3376 et.
245 3345 257 3368 ν
266 3329 360 3376 Astarte
368 3340 434 3388 rere,
444 3340 498 3390 qne
506 3326 765 3386 meximenenrlnetnr,
775 3325 884 3388 luppiter
894 3326 941 3372 De·
987 3329 1068 3378 velere
1082 3328 1226 3390 quiescendo
1235 3329 1259 3377 et
1270 3327 1373 3378 nolendo
1382 3329 1503 3390 quiescere
1514 3343 1521 3376 ο
1532 3327 1617 3377 ceteris
1629 3329 1710 3376 entern
1719 3327 1765 3376 rliis

165 3413 264 3452 meroen
274 3406 298 3452 et
309 3415 352 3452 rex
367 3403 467 3452 denrurn
485 3403 583 3454 Adodns
592 3383 653 3452 ines
663 3403 871 3464 regioneseturno
884 3411 941 3449 cen·
986 3404 1247 3454 elesintlnmerisdues
1253 3405 1348 3452 tentum
1360 3403 1479 3466 attribuit,
1489 3403 1624 3466 quippequi
1634 3404 1764 3454 saturnum

165 3479 283 3530 sentiente
303 3483 439 3542 regenerent.
458 3480 635 3542 ssenecnpiti
654 3493 708 3540 suo,
724 3483 840 3540 tunquenr
853 3476 943 3538 insigne
987 3483 1064 3544 ipsum
1075 3481 1177 3531 relendn
1185 3483 1349 3543 sequerentur.
1362 3481 1398 3531 nd
1410 3481 1516 3542 ejusdem
1529 3480 1624 3530 seturni
1633 3481 1705 3542 ceput
1715 3480 1765 3530 eles

166 3556 245 3616 Γθθῦῑι
254 3556 316 3604 ituri
328 3559 401 3618 ⁰⁸9¹st
409 3556 533 3618 ¹¹¹¹l¹⁰⁸¹¹st²
543 3569 666 3618 quumque
675 3559 792 3606 terrerum
800 3554 881 3603 urbem
891 3565 942 3614 per·
988 3561 1113 3622 prepteree
1121 3557 1226 3620 gentines
1235 3557 1341 3620 ellinxlt,
1352 3557 1537 3619 querurneltere
1548 3555 1635 3606 inentis
1645 3556 1764 3619 prlneipe·

165 3635 272 3694 sereret,
291 3633 382 3694 lepeem
398 3633 428 3682 de
438 3633 501 3682 esele
514 3633 607 3682 stelleui
618 3633 706 3695 reperit
722 3643 824 3692 eenrque
840 3631 865 3678 in
881 3631 943 3690 'syre
987 3641 1054 3698 tum,
1068 3635 1143 3686 eltere
1152 3635 1267 3685 sentiendi
1275 3635 1325 3684 riui
1336 3635 1460 3684 indiceret.
1487 3634 1537 3695 (ti)
1550 3635 1761 3684 seturnusentem

164 3713 247 3760 tinch
262 3712 340 3760 intulit
351 3712 506 3760 conmittit-
518 3714 631 3768 Celerum
653 3712 714 3760 hene
733 3711 810 3772 ipsum
832 3711 943 3759 Attfflffl
987 3726 1063 3776 quum
1077 3713 1103 3762 in
1114 3712 1236 3762 lleridiem
1253 3712 1500 3772 venisset,‘leeutum
1513 3710 1587 3760 deum
1602 3711 1697 3773 AEpypti
1708 3710 1763 3758 nni-

166 3789 290 3840 l’lroeniees
296 3792 413 3838 Venerem
424 3801 474 3838 ese
487 3791 629 3838 memorent.
638 3790 669 3838 nt
678 3799 734 3837 rere
745 3789 875 3846 saturnus,
885 3785 943 3835 dum
988 3803 1063 3840 verse
1074 3790 1258 3852 repemcreevit.
1271 3793 1350 3852 Atque
1360 3789 1413 3838 luec
1419 3789 1537 3852 principes
1548 3789 1665 3848 omnium,
1678 3787 1765 3849 inquit,

165 3865 249 3914 orbern
267 3865 353 3914 lustret
364 3865 518 3926 universum,
531 3865 645 3914 lllnervee
657 3864 712 3914 filies
724 3865 798 3914 tetius
807 3865 892 3913 Attieae
904 3876 943 3912 re·
989 3866 1070 3916 cebiri
1080 3869 1170 3929 septem
1182 3857 1249 3915 liberi
1265 3866 1345 3929 Sydyls
1364 3879 1420 3915 euni
1429 3865 1563 3926 AEseulepin
1579 3865 1652 3913 lretre
1664 3866 1764 3924 οοίανο,

166 3941 433 4002 ςοιιιοίτιθίι,ιιοι1ῖτιε
440 3941 580 4003 pestilentie
590 3941 741 3991 inclementis
749 3941 943 4002 euitinquenem·
988 3943 1110 4005 ipsirrernet
1119 3937 1203 3992 Tsenti
1213 3943 1281 4004 iussu
1292 3944 1317 3991 in
1333 3941 1517 3991 commentarios
1528 3941 1669 4001 uberiusque
1681 3939 1766 3988 reule·

170 4020 264 4076 metus,
277 4017 366 4076 lilinrn,
378 4031 451 4080 quern
463 4031 539 4068 nnurn
553 4031 583 4068 ex
593 4019 698 4080 legitime
709 4031 783 4066 uxore
794 4020 942 4079 susceperat,
988 4020 1167 4069 rent.'rliebinn
1175 4015 1275 4078 ἀεῖσαι,
1285 4019 1377 4080 primus
1389 4017 1453 4079 apud
1464 4015 1587 4066 euenisse
1604 4016 1707 4065 exomni
1716 4027 1766 4064 nne-

167 4093 234 4142 coeio
243 4094 304 4155 petri
317 4095 397 4142 tetum
407 4093 509 4144 ssummis
520 4096 690 4156 consumptum
703 4095 825 4154 irnrnolet,
837 4097 890 4142 turn
899 4093 944 4143 sihi
988 4097 1064 4146 merie
1078 4109 1199 4146 seererurn
1212 4098 1340 4158 interpres,
1350 4095 1434 4144 eedem
1447 4093 1565 4156 allegoriis
1575 4093 1718 4156 quibusdem
1727 4094 1765 4142 in·

166 4169 943 4234 ipseverendeeireurnseindit‚sociosqueemnesedsimileteetnm
990 4176 1135 4236 terpretetur
1146 4187 1202 4221 curn
1218 4185 1298 4220 rernm
1311 4171 1456 4220 neturelium
1465 4173 1597 4231 eteorum,
1607 4182 1663 4231 ques
1678 4171 1765 4231 pesslm

167 4246 423 4308 pervimedigitsnee
431 4247 944 4310 multopesttlntlrlilium‚queunexlllree
989 4247 1765 4311 lreeinrnnnrlenentingunt,allectionibuseenJungene,preplre·

166 4327 295 4384 genuerat,
306 4324 357 4374 rite
375 4325 484 4374 tunulum
498 4327 720 4386 comessantium
736 4325 859 4374 Phoenices
873 4326 944 4374 modu
988 4327 1471 4393 ttsnrgineelebrentibusetsecnflelerum
1480 4325 1765 4388 rnysterierunrqueprin-

167 4405 285 4464 ilurtem,
297 4403 370 4452 medo
390 4405 516 4454 Plutonem
525 4405 653 4467 uppelleut.
666 4405 715 4465 (ιο)
727 4404 817 4454 Deinde
827 4406 945 4454 Saturnus
989 4405 1194 4470 cipibnstredlrllt.
1227 4405 1393 4468 Quidelneeps
1401 4404 1496 4453 inenern
1506 4403 1766 4463 hanenstentetienem,

169 4479 272 4540 eperum
282 4479 367 4530 urbem
379 4480 431 4530 dene
444 4481 560 4542 Beeltidi,
572 4495 627 4542 qure
636 4482 709 4530 etiem
723 4483 796 4530 Dione
806 4479 943 4541 roesbetur,
989 4497 1063 4547 quem
1080 4483 1146 4532 omnl
1159 4495 1201 4544 epe
1218 4481 1332 4544 omnique
1342 4481 1423 4531 studio
1434 4493 1521 4543 engere
1534 4479 1613 4529 eeneii
1622 4481 1702 4538 erent,
1717 4479 1767 4530 suis

168 4559 281 4617 nspsrun
292 4559 372 4606 entern
386 4559 411 4607 et
428 4557 520 4608 cabiris
526 4594 534 4620 ,
553 4558 732 4620 ignentisitem
744 4559 769 4608 et
786 4557 946 4609 Plseetnribus
990 4573 1086 4626 qnoque
1103 4559 1279 4609 suecessoribus
1298 4561 1324 4608 et
1343 4558 1442 4607 initiatis
1462 4557 1587 4618 reliquere.
1602 4559 1694 4607 llernm
1705 4567 1767 4605 unrrs

170 4635 284 4694 lterytnm
294 4633 358 4683 dene
373 4633 455 4696 dedit,
475 4635 517 4684 ubi
530 4637 599 4684 Ponti
609 4634 721 4697 reliquies
733 4634 805 4685 ildenr
821 4647 945 4685 eenseere·
991 4639 1057 4688 lsiris
1068 4637 1166 4700 quidem
1178 4636 1237 4694 lull,
1252 4637 1326 4684 trium
1345 4635 1468 4684 literarum
1480 4634 1600 4694 inuentor,
1620 4631 1692 4680 lreter
1703 4631 1768 4680 illins

170 4711 235 4758 runt.
255 4714 315 4760 Ante
331 4710 375 4760 llos
393 4724 450 4760 rere
463 4713 570 4762 leentne
587 4711 659 4772 deus,
678 4711 810 4761 ecelestinrn
829 4711 945 4774 deorum,
991 4713 1316 4777 ctrnee,quiprlnruspestee
1329 4712 1428 4762 Plioenix
1440 4711 1612 4759 ruretenent.»

170 4786 279 4844 θοῖιιτοί,
289 4787 390 4848 ῠιιςοιιίε
401 4787 598 4849 reliquorumque
606 4789 688 4836 rullus
703 4787 810 4837 irnltetns
818 4799 897 4836 seeros
913 4789 946 4836 si-
1023 4797 1060 4840 es.
1074 4789 1167 4848 Quibus
1174 4792 1257 4851 pestee
1268 4789 1319 4838 hese
1328 4786 1542 4850 subjicit(l>lrilo):
1554 4789 1669 4835 «sivero
1677 4783 1765 4845 Greci,

170 4876 273 4924 qnorum
283 4863 431 4913 ehereeteres
439 4866 564 4926 expressit.
573 4865 622 4926 (οε)
631 4865 695 4922 Quin
703 4864 775 4913 etiarn
784 4865 873 4926 insigem
883 4865 946 4926 renni
992 4869 1101 4917 nomines
1114 4879 1163 4928 pree
1175 4865 1260 4914 ueteris
1272 4864 1383 4926 gentibus
1393 4864 1459 4926 politi
1472 4862 1603 4912 admodum
1617 4863 1641 4911 et
1654 4863 1767 4922 elegantis

171 4939 397 5000 Seturneejnsnrodi
409 4940 947 5001 eneeqitnrit,ennlesinrultubinoseeteti·
991 4945 1093 5006 ingenii,
1111 4943 1214 5005 primurn
1232 4942 1328 5004 quidem
1342 4943 1443 4990 istorum
1461 4941 1575 5002 plereqne
1589 4939 1634 4988 sibi
1652 4941 1766 4999 tenqnem

172 5015 229 5070 dein
241 5016 265 5064 in
273 5016 388 5078 occipite,
398 5029 503 5078 qnorum
516 5017 565 5068 δυο
574 5017 665 5079 plectris
674 5017 802 5066 connivere
812 5029 841 5066 ec
858 5019 948 5067 nistere
993 5021 1086 5083 proprie
1094 5019 1244 5068 sindieerunt
1258 5039 1263 5068 :
1276 5019 1318 5068 seri
1328 5032 1404 5080 quum
1416 5031 1486 5067 eures
1496 5019 1568 5078 etque
1574 5015 1666 5064 enlmos
1673 5014 1764 5063 tubulu-

175 5092 313 5146 riderentur
324 5114 330 5144 ι
340 5097 389 5144 ntes
400 5095 595 5158 innnngnisn
605 5095 710 5146 humeris
725 5096 843 5158 gemines,
856 5110 886 5146 ex
897 5097 948 5158 qni·
994 5111 1046 5145 rnrn
1055 5097 1178 5158 rotnptete
1187 5096 1334 5159 permulcere
1343 5095 1443 5156 vellent,
1461 5093 1529 5144 nuris
1539 5093 1622 5142 eednm
1639 5103 1666 5140 ec
1684 5090 1765 5139 multi·
