3974 5732
211 351 266 402 228

205 473 274 550 ἱεροῦ
287 468 462 548 Ἰερουσαλήμ
474 469 658 542 ὀνομασθῆναι,
676 465 725 524 ὑπὸ
740 465 766 524 δὲ
780 469 831 524 τῶν
842 465 977 536 Ἑλλήνων

206 557 362 638 ρερωνύμως
379 553 548 634 Ἱεροσόλυμα
561 552 689 630 λέγεσθαι.
707 551 901 612 Συντελόσαντα
912 552 937 609 δὲ
948 552 977 609 τὸ

204 643 329 724 ἱερὸνκαὶ
341 641 387 713 τῆν
401 641 476 700 πόλιν
492 641 641 719 τετχίσαντα
658 641 738 697 ε’λθεῑν
756 641 791 706 είς
802 637 913 715 Σηλὼμ,
933 639 977 696 καί

205 731 294 791 θυσίαν
305 733 342 808 τῷ
354 732 415 808 θεῷ
430 730 464 794 εἰς
476 729 655 806 θλοκάρπωσιν
672 730 847 806 προσαγαγεῖν
861 729 920 802 βοῦς
933 747 978 802 χι-
998 753 1001 836 γ

205 819 283 884 λίους.
299 815 420 876 Λαὸόντα
433 815 460 872 δὲ
472 815 519 885 τήν
532 813 628 883 σκηνὴν
642 812 687 869 καί
698 811 728 868 τὸ
738 810 918 890 θυσιαστήριον
932 810 977 868 καί

205 905 237 964 τά
248 904 344 976 σκεύη,
360 904 376 960 ἀ
390 902 496 972 ἐποίησε
509 904 620 976 Μωσῆς,
630 903 665 966 είς
676 898 844 978 Ἱεροσόλυμα
856 901 977 974 θνεγκεῖν,

205 991 249 1050 καί
263 995 288 1050 ἐν
302 994 340 1072 τῷ
350 991 412 1068 οἴκῳ
427 991 515 1049 θεῖναι.
531 987 585 1048 Καὶ
595 986 642 1058 τήν
652 985 761 1044 κιάωτὸν
772 985 799 1044 δὲ
813 983 911 1043 καὶτὸν
925 988 976 1062 βω-

206 1080 255 1155 μὸν
269 1079 312 1137 τδν
324 1083 436 1157 χρυσοῦν
448 1079 493 1136 καὶ
502 1075 549 1146 τῆν
559 1074 667 1158 λυχνίαν
679 1072 724 1132 καλ
734 1072 782 1143 τήν
793 1071 921 1150 τράπεζαν
933 1071 978 1128 καὶ

205 1167 238 1224 τά
257 1166 325 1224 ἄλλα
344 1163 425 1234 σκεύη
447 1167 500 1222 ἐκεῖ
516 1157 714 1233 κατατίθεσθαι,
732 1161 817 1225 καθώς
837 1156 977 1238 προστάξαι

206 1257 277 1333 αὐτῷ
286 1253 328 1310 τὸν
335 1250 480 1332 προρήτην.
491 1249 672 1329 Προσαγαγεῖν
684 1249 753 1326 δίτῷ
760 1249 821 1325 Θεῷ
831 1245 919 1304 θυσίαν
933 1267 979 1320 μυ-

208 1341 276 1420 ρίαν,
288 1339 409 1420 πρόύατα
422 1339 548 1416 δισχίλια,
564 1335 676 1414 μόσχους
686 1333 842 1412 τρισχιλίους
852 1354 979 1391 πεντακο-

206 1426 284 1493 σίους.
301 1427 340 1487 Ἰῦ
355 1425 382 1484 δὲ
397 1425 503 1500 σύμπαν
522 1423 638 1502 χρυσίον,
653 1423 682 1479 τὸ
695 1423 730 1486 είς
745 1419 802 1486 τοὺς
814 1419 859 1478 δύο
873 1419 978 1484 στύλους

206 1513 310 1572 καὶτὸν
328 1512 389 1570 ναὸν
412 1509 602 1588 καταχρησθὲν,
622 1499 688 1566 εἶναι
706 1505 821 1565 τάλαντα
847 1505 978 1585 μυριάδων

206 1599 307 1683 [μυρία
322 1600 386 1657 aad?
403 1606 413 1670 ]
436 1597 472 1665 υξ’
483 1621 489 1634 ·
502 1599 538 1663 εἷς
559 1595 586 1654 δὲ
607 1595 665 1660 τοθς
679 1593 756 1666 ἥλους
778 1592 823 1650 καί
836 1590 883 1663 τήν
896 1593 976 1660 άλλην

206 1683 377 1756 κατασκευήν,
386 1683 507 1762 ἀργυρίου
519 1683 636 1752 τάλαντα
645 1680 718 1760 χίλια
729 1677 976 1756 διακόσιατριακον·

204 1773 298 1830 ταδύο·
310 1773 410 1850 χαλκοῦ
425 1771 452 1828 δὲ
465 1772 498 1836 εἶς
511 1769 569 1836 τοῦς
582 1768 670 1833 κίονας
686 1767 731 1826 καί
745 1766 788 1824 τὸν
801 1766 914 1841 λουτῆρα
933 1763 977 1822 καί

205 1859 253 1930 τήν
267 1857 357 1932 στοάν,
372 1856 488 1914 τάλαντα
508 1854 587 1936 μυρία
606 1852 788 1932 ὀκτακισχίλια
808 1851 975 1922 πεντήκοντα.

206 1945 370 2023 Ἀποπὲμψαι
385 1943 411 2000 δὲ
426 1943 469 2000 τὸν
481 1945 629 2018 Σαλομῶνα
642 1940 756 2006 καὶτοὺς
768 1937 923 2014 Αἰγυπτίους
933 1937 977 1994 καί

204 2031 262 2098 τούς
272 2031 406 2100 Φοίνικας,
421 2029 542 2094 ἑκάστους
553 2032 587 2095 εἰς
597 2027 644 2098 τῆν
654 2029 762 2097 ἑαυτῶν,
771 2026 872 2105 ἑκάστῳ
880 2029 976 2103 γρθσοῦ

205 2119 306 2186 σίκλους
316 2117 474 2177 δόνταδόκα·
484 2116 513 2174 τδ
523 2115 550 2174 δὲ
560 2115 685 2173 τάλαντον
694 2105 758 2170 εἶναι
766 2111 864 2171 σίκλον.
882 2109 934 2169 Καὶ
941 2113 978 2188 τῷ
1030 2160 1038 2180 ‚

205 2205 251 2282 μὲν
259 2205 393 2282 Αἰγύπτου
400 2205 504 2283 βασιλεῖ
510 2205 621 2282 Οὗαρρῇ
631 2201 717 2259 ἐλαίου
726 2195 976 2278 μετρητάςμυρίους,

207 2291 428 2369 ροινικοῦαλάνων
451 2287 567 2368 ἀρτάῦας
594 2287 693 2370 χιλίας,
714 2286 815 2362 μέλιτος
836 2283 862 2341 δὲ
885 2285 976 2359 ἀγγεια

94 2383 104 2400 ”
205 2377 306 2448 ἑκατὸν,
323 2377 367 2435 καὶ
380 2375 508 2456 ἀρώματα
524 2375 636 2455 πέμψαι.
650 2377 697 2454 Τῷ
708 2373 735 2430 δὲ
751 2371 866 2450 Σούρωνι
878 2371 912 2433 είς
923 2365 978 2427 Τύ-

205 2487 247 2542 ρον
257 2465 359 2544 πέμψαι
370 2464 414 2521 τδν
421 2467 534 2542 χρυσοῦν
541 2462 614 2521 κίονα
621 2507 629 2534 ,
636 2460 679 2519 τδν
686 2463 712 2518 lu
723 2459 802 2538 Τύρῳ
812 2455 978 2530 ἀνακείμενον

173 2571 181 2584 ·
203 2554 230 2608 ἐν
244 2553 281 2631 τῷ
295 2553 356 2630 ἱερῷ
371 2557 415 2608 τοῦ
428 2548 497 2616 Διός.

569 2673 613 2727 τ9.

483 2789 693 2850 ΘΕΟΦΙΛΟΥ.

242 2931 368 3013 θεόριλος
389 2931 417 2990 δό
441 2955 503 3012 φησι
523 2930 567 2988 τὸν
592 2926 796 3007 περισσεύσαντα
818 2923 913 3004 χρυσὸν
933 2923 976 2981 τὸν

734 333 956 396 muxuunm
978 313 1258 396 uocumsuoms

1022 468 1168 540 Σολομῶνα
1183 469 1220 544 τῷ
1242 463 1346 544 Τυρίων
1364 468 1467 544 βασιλεῖ
1477 464 1591 545 πέμψαι·
1606 465 1648 523 τὸν
1664 465 1690 524 δὲ
1709 467 1794 526 εἰκόνα

1021 555 1066 621 τῆς
1090 552 1213 629 θυγατρὸς
1233 553 1298 630 ζῷον
1319 553 1486 627 θλοσώματον
1513 553 1723 628 κατασκευάσαι,
1750 555 1794 612 καί

1021 637 1126 717 ἔλυτρον
1139 641 1177 717 τῷ
1189 637 1319 716 ἀνδριάντι
1330 637 1374 696 τὸν
1388 643 1500 718 χρυσοῦν
1515 639 1588 697 κίονα
1602 645 1754 720 περιθεῖναι.

1384 790 1432 829 20.

1291 899 1531 959 Eluonbitol.

1063 1018 1175 1088 Ποιῆσαι
1189 1017 1217 1076 ἀί
1233 1022 1336 1096 ρησινθ
1356 1020 1509 1094 Εὐπόλεμος
1519 1017 1562 1077 τὀν
1579 1021 1728 1096 Σαλομῦνα
1751 1021 1796 1080 καί

1027 1109 1036 1126 5

1023 1103 1134 1170 ασπίδας
1150 1113 1249 1182 χρυσᾶς
1261 1103 1362 1181 χιλίας,
1372 1096 1408 1162 ὧν
1418 1107 1530 1176 ἑκάστην
1542 1107 1719 1164 πεντακοσίων
1729 1099 1794 1166 εἶναι

1021 1194 1134 1268 χρυσῶν.
1159 1193 1259 1250 Bucen
1274 1191 1299 1248 δί
1317 1191 1393 1249 αὐτὸν
1406 1191 1451 1263 ἔτη
1468 1191 1628 1263 πεντήκοντα
1642 1192 1701 1266 δύο,
1717 1186 1753 1252 ὧν
1768 1200 1794 1252 ἒν

1022 1277 1110 1356 εἰρήνῃ
1127 1281 1281 1355 βασιλεῦσαι
1295 1276 1340 1348 tra
1352 1278 1391 1354 μ’.

1386 1419 1433 1458 21.

1277 1528 1534 1588 Tibioxnuorz.

1062 1642 1129 1714 Cap.
1151 1639 1186 1696 35
1203 1659 1209 1694 :
1224 1637 1379 1718 Τιμοχάρης
1392 1637 1421 1696 δι’
1430 1661 1506 1715 φησιν
1517 1641 1543 1697 ἰν
1557 1647 1610 1704 τοῖς
1624 1639 1690 1720 Περὶ
1702 1639 1795 1700 Ἀντιό-

1022 1748 1070 1804 χου
1082 1725 1115 1782 τά
1126 1723 1295 1804 Ἱεροσόλυμα
1310 1731 1358 1796 τήν
1372 1723 1419 1802 μίν
1430 1723 1583 1806 περίμετρον
1595 1725 1664 1805 ἔχειν
1677 1727 1797 1792 σταδίους

1024 1811 1066 1890 μ’·
1079 1802 1145 1870 εἶναι
1157 1812 1179 1870 δ’
1191 1811 1271 1884 αὐτὴν
1286 1812 1446 1884 δυσάλωτον,
1465 1812 1589 1872 πάντοθεν
1606 1815 1735 1894 ἀπορρῶξι
1748 1839 1797 1874 πε-

1024 1897 1201 1976 ρικλειομίνην
1224 1897 1361 1980 φάραγξιν.
1390 1897 1478 1969 Ὅλην
1500 1899 1526 1958 δὲ
1552 1898 1600 1968 τῆν
1623 1903 1698 1959 πόλιν
1722 1901 1798 1959 ύδασι

1022 1989 1220 2064 καταρρεῖσθαι,
1231 1984 1298 2044 ὥστε
1310 1985 1354 2044 καλ
1368 1984 1425 2052 τοὺς
1436 1985 1535 2056 κήπους
1549 1988 1578 2046 ἐκ
1592 1990 1644 2044 τῶν
1660 1989 1798 2066 ἀπορρεόν·

1025 2093 1076 2130 των
1091 2072 1190 2130 ὑδάτων
1206 2075 1235 2130 ἐκ
1248 2076 1294 2143 τῆς
1312 2071 1411 2138 πόλεως
1426 2072 1558 2152 άρδεσθαι.
1574 2071 1629 2142 Τήν
1653 2072 1680 2132 δὲ
1701 2075 1798 2150 μεταξύ

1023 2158 1076 2216 απὸ
1090 2163 1134 2228 τῆς
1147 2159 1246 2226 πόλεως
1269 2157 1331 2238 ἀχρε
1349 2157 1541 2237 τεσσαράκοντα
1559 2159 1671 2218 σταδίων
1690 2161 1797 2240 ἄνυδρον

948 2290 958 2300 .
1023 2234 1102 2302 εἶναι·
1116 2245 1168 2304 ἀπὸ
1178 2245 1205 2304 δὲ
1214 2249 1265 2304 τῶν
1273 2245 1300 2323 μ’
1311 2245 1422 2304 σταδίων
1434 2244 1510 2304 πάλιν
1522 2245 1647 2325 κάθυδρον
1657 2249 1796 2328 ὑπάρχειν.

1385 2397 1433 2436 aa.

1266 2507 1557 2586 [ΞΕΝΟΦΩΝΤΟΣ]

1023 2631 1086 2686 Τοῦ
1101 2631 1156 2696 τῆς
1172 2627 1293 2706 Συρίας
1307 2625 1584 2706 σχαινομίτρησιν
1597 2626 1798 2706 γράψαντος.

1063 2752 1129 2824 Cap.
1149 2750 1185 2804 36
1200 2769 1206 2804 ι
1221 2747 1254 2806 Ὁ
1267 2747 1293 2804 δὲ
1305 2751 1351 2817 τῆς
1364 2746 1459 2828 Συρίας
1471 2745 1684 2827 σχοινομέτρησιν
1696 2748 1798 2828 γράψας

1023 2837 1049 2893 ε’ν
1062 2839 1094 2912 τῇ
1109 2835 1199 2913 πρώτῃ
1219 2834 1282 2915 ρησλ
1296 2840 1395 2892 κεῖσθαι
1417 2833 1587 2912 Ἱεροσόλυμα
1608 2835 1652 2892 ἐπὶ
1664 2834 1796 2915 μετεώρου

1022 2945 1050 2979 τε
1064 2921 1109 2978 καλ
1130 2921 1238 3000 τραχέος
1252 2922 1343 2980 τύπου·
1357 2923 1541 3001 ᾠκοδομῆσθαι
1557 2921 1584 2979 δέ
1597 2944 1654 2979 τινα
1668 2921 1715 2994 μὲν
1731 2921 1799 2998 μέρη

216 3035 1788 3063 ..l—..W

205 3099 319 3162 λομῶνος,
335 3101 477 3150 salomonis
485 3099 622 3162 templum,
631 3096 808 3154 nominataost;
819 3093 904 3142 deinde
912 3105 976 3152 vero,

204 3177 262 3226 urbs
278 3178 327 3240 ipsa
346 3177 511 3227 Hierusalem
527 3178 640 3238 corrupto
653 3173 783 3245 vitiatoque
792 3171 873 3233 templi
882 3169 978 3218 nominc

203 3254 335 3314 appellata,
345 3266 419 3315 quam
433 3252 510 3301 Graeci
522 3251 684 3312 llieromlyma
698 3250 763 3298 affini
780 3250 921 3310 gennninoquc
933 3261 978 3295 vo·

204 3330 290 3378 cabulo
301 3331 478 3393 nuncuparunt.
491 3332 542 3380 lieu
550 3331 631 3377 autem
640 3331 693 3390 post
702 3327 819 3389 emplum
833 3325 977 3374 mdidoatum

203 3409 337 3470 urbemque
347 3410 473 3468 munitm,
485 3409 606 3457 &tomum
617 3407 745 3468 proiectus,
754 3409 804 3455 Deo
815 3405 878 3454 mille
888 3405 977 3453 bovum

204 3487 370 3537 holocaustum
379 3485 598 3548 obtulit;idemque
605 3485 788 3547 postmodumet
796 3484 977 3534 tabernaculum

204 3567 229 3613 ot
249 3575 315 3611 nram
335 3566 359 3611 et
379 3561 496 3624 quidquid
514 3576 587 3612 sacrae
608 3561 761 3624 supellectilis
777 3563 941 3626 comparatum
964 3574 977 3608 a

204 3645 270 3690 litosc
288 3641 378 3699 lucrat,
393 3642 468 3689 altare
484 3653 598 3699 aureum,
618 3640 800 3699 candelabrum,
819 3651 942 3700 mensam,
954 3643 979 3688 et

205 3717 321 3780 quidquid
335 3717 399 3767 aliud
416 3719 475 3778 luit,
496 3717 683 3778 Hierosolymam
702 3718 893 3778 comportatum,
912 3729 978 3765 saera

206 3795 231 3842 in
251 3795 301 3844 ude
321 3795 442 3856 propbetas
460 3793 527 3855 jussu
554 3794 673 3856 reposuit,
696 3793 815 3856 simulque
833 3793 975 3841 immensum

205 3873 256 3919 lieo
276 3871 418 3919 sacrificium
439 3869 654 3930 lecit,oaibusad
673 3869 861 3930 deminuendo
881 3869 911 3917 ad
934 3869 979 3919 tria

206 3947 281 3995 millia
297 3951 321 3996 ct
332 3948 461 4008 quingenta
472 3947 589 3996 mactatis.
611 3949 722 3996 ceterum
737 3947 772 3996 vis
784 3947 835 3994 atui
851 3949 939 3995 cuncta
955 3947 979 3995 in

206 4025 331 4073 columnas
346 4023 406 4072 duas
415 4037 444 4072 ac
453 4024 570 4086 tempium
586 4023 725 4072 universum
740 4024 978 4086 expensatalentdm

136 4113 140 4122 ·
173 4099 180 4110 ”
206 4100 337 4149 luitdecies
351 4100 417 4150 mille
428 4100 567 4162 quadragies
576 4099 791 4162 sexagies3argenti
801 4101 888 4149 veroin
898 4102 980 4150 clauos

206 4191 235 4225 ac
247 4178 365 4240 reliquum
374 4180 516 4240 apparatum
524 4213 531 4236 ,
540 4177 698 4226 ducentorum
709 4190 738 4226 ac
746 4178 841 4240 triginta
851 4178 925 4226 duum
940 4193 979 4228 su·

206 4269 249 4317 pra
261 4255 339 4316 millc;
351 4254 515 4316 aerisdenique
523 4253 547 4302 in
559 4253 695 4314 columnas,
705 4253 798 4303 labrum
810 4257 834 4303 et
848 4257 979 4316 porticum,

207 4333 378 4396 auinquaginta
395 4345 467 4395 supra
482 4331 614 4382 octodecim
627 4332 710 4382 millia.
728 4335 802 4382 Porro
817 4334 939 4396 Quotios
952 4347 981 4382 ae

208 4411 343 4472 l‘lumniccs,
353 4410 435 4459 divisis
443 4410 468 4458 in
476 4409 581 4470 singulos
589 4408 671 4458 decem
681 4409 732 4458 auri
740 4410 804 4458 siclis
811 4409 820 4470 (
827 4411 898 4458 siclus
907 4411 981 4458 talen-

206 4489 258 4534 tum
274 4489 354 4548 crat),
366 4499 434 4536 suam
446 4487 469 4534 in
484 4485 586 4547 patriam
597 4486 701 4535 -Salomo‘
707 4486 804 4535 remisit.
817 4487 852 4536 ad
870 4487 980 4548 Uapbreu

207 4563 301 4624 utqui
318 4577 396 4624 regem
411 4563 456 4612 olei
468 4564 581 4612 metretas
596 4562 625 4611 ad
637 4562 719 4611 decem
731 4563 819 4621 millia,
830 4562 980 4624 dactylorum

207 4639 369 4702 aegyptiarum
378 4639 472 4688 artabas
479 4640 557 4700 mitte,
568 4640 644 4688 meliis
653 4651 708 4688 vasa
717 4641 814 4688 centum
823 4653 878 4688 cum
888 4653 981 4687 aroma-

207 4717 285 4778 tibus3
298 4717 327 4764 nd
340 4721 456 4766 sunonem
467 4732 524 4767 vero
540 4719 676 4766 columnam
692 4731 788 4767 auream
802 4723 891 4779 Tyrum
903 4718 980 4778 misit,

208 4807 280 4854 quam
292 4795 343 4856 ipse
355 4795 422 4843 lovis
431 4795 453 4842 in
465 4796 554 4858 templo
563 4797 720 4845 consecravit.

576 4877 631 4928 19.-

465 4973 489 5030 Ε
509 4975 533 5032 Τ
535 4973 739 5035 HEOPHlLO.

241 5081 386 5144 Tbeupbitus
396 5095 454 5132 vero
467 5084 501 5134 ait
516 5083 632 5147 quidquid
645 5085 763 5148 reliquum
777 5097 805 5134 en
822 5095 882 5133 auro
901 5083 983 5144 tuerit,

1023 3089 1095 3152 Tyrio
1103 3090 1150 3150 regi
1161 3103 1176 3138 a
1186 3089 1313 3138 Salomone
1320 3090 1473 3138 missumesse
1482 3089 1563 3138 :iilum
1573 3102 1630 3138 uero
1639 3089 1799 3138 luliacstmula·

1023 3179 1091 3214 crum
1101 3165 1220 3227 integrum
1232 3180 1263 3214 cx
1272 3179 1300 3214 eo
1309 3165 1460 3226 conuavicsc,
1471 3167 1598 3228 ipsumque
1607 3179 1678 3215 aurea
1687 3165 1799 3215 columna

1022 3243 1089 3304 quasi
1100 3242 1172 3291 theca
1183 3245 1208 3291 et
1219 3241 1344 3291 involucro
1352 3241 1457 3304 quodam
1467 3243 1598 3292 inclusisse.

1387 3393 1434 3429 uo.

1286 3506 1328 3553 ax
1346 3507 1527 3554 EUPOLEMO.

1054 3613 1198 3672 Elinolomus
1207 3614 1288 3660 autem
1298 3615 1508 3674 niueosprmterea
1521 3613 1616 3673 clypeos
1625 3611 1690 3659 mille
1706 3609 1798 3659 asalo-

1023 3701 1093 3736 monc
1103 3689 1237 3738 elaboratos
1248 3703 1298 3738 esse
1311 3690 1397 3750 tradit,
1410 3691 1636 3752 quadringentorum
1645 3688 1749 3749 singulos
1757 3699 1800 3734 au-

1023 3780 1118 3814 reorum
1127 3783 1134 3826 ;
1144 3767 1296 3829 eundemque
1305 3769 1392 3818 uixisse
1403 3781 1477 3818 uanos
1488 3767 1660 3830 quinquaginta
1676 3767 1750 3826 duos,
1767 3779 1800 3815 ex

1022 3843 1109 3906 quibus
1118 3843 1274 3906 quadraginta
1283 3857 1378 3894 summa
1387 3846 1411 3894 in
1425 3859 1482 3908 pace
1497 3844 1636 3907 regnaverit

1389 3962 1433 4012 ut.
1495 3993 1497 3998 ·

1275 4074 1299 4133 E
1316 4075 1551 4136 Timocunuu.

1056 4198 1210 4248 'timochares
1222 4199 1248 4248 iu
1263 4200 1374 4250 Antiochi
1385 4201 1482 4252 historia
1492 4201 1710 4262 Hierosolymorum
1722 4195 1801 4246 ambi·

1025 4275 1077 4322 tum
1091 4275 1249 4338 quadraginta
1261 4277 1393 4326 stadiorum
1406 4291 1458 4328 esse
1468 4278 1551 4336 docct;
1563 4277 1711 4336 eandemque
1723 4287 1801 4336 expu-
1813 4291 1816 4297 ·

1024 4355 1097 4411 quatu
1106 4352 1278 4414 perdifficilem,
1286 4355 1375 4416 quippe
1384 4369 1438 4416 quae
1448 4355 1574 4416 praruptis
1584 4351 1689 4413 undiquc
1697 4350 1800 4398 vallibus

1024 4428 1141 4487 cingatur.
1161 4429 1197 4478 ad
1213 4429 1264 4478 Ιιαο
1275 4431 1359 4480 urbem
1369 4431 1503 4482 universam
1520 4428 1802 4492 aquisperlui,quam1m

1025 4503 1055 4552 de
1069 4504 1134 4552 tluxu
1147 4505 1209 4553 horti
1219 4520 1315 4568 quoque
1324 4508 1450 4568 irrigentur
1459 4523 1465 4555 ε
1475 4521 1517 4568 per
1527 4505 1682 4569 quadraginta
1695 4503 1726 4552 nb
1740 4503 1801 4550 urbe

1027 4579 1104 4627 stadia
1122 4593 1216 4628 sumum
1232 4593 1302 4642 equae
1314 4585 1414 4645 penuria
1431 4583 1543 4643 laborari,
1552 4582 1607 4632 inde
1618 4585 1698 4651 tamqn
1708 4579 1803 4641 riguum

1027 4656 1107 4706 denuo
1118 4657 1195 4705 solum
1207 4671 1329 4721 apparere.

1390 4767 1433 4816 22.

1056 4882 1101 4958 [E
1122 4885 1403 4966 XENOPBONTE]
1431 4890 1564 4966 SYRlAE*
1579 4883 1766 4948 MENSORE.

1057 5007 1252 5071 eiaterensem
1263 5011 1356 5074 Syriam
1364 5014 1440 5062 tutam
1449 5025 1545 5062 mensus
1554 5012 1598 5070 est,
1608 5007 1670 5058 libro
1679 5005 1800 5068 primosui

1029 5082 1119 5145 oneris,
1137 5086 1353 5150 Hierosolymorum
1365 5089 1448 5139 turbem
1460 5091 1485 5138 in
1500 5081 1576 5138 arduo
1586 5086 1690 5150 quodam
1706 5095 1803 5144 aspero·
