3974 5732
291 349 725 465 cousensus
760 349 1233 508 Assiduum
1271 323 1790 502 ¹romnusroa.

832 641 1245 692 ψ
1325 663 1330 672 .

280 851 379 907 Suidas
400 871 406 905 :
429 847 589 925 Ἀλέξανδρος
610 851 624 906 θ
644 846 788 918 Μιλήσιος,
811 845 837 912 θς
860 846 1013 926 Πολυίστοιρ
1060 882 1098 892 -
1113 851 1258 904 Clintouus
1280 853 1310 906 F.
1335 853 1369 907 ll.
1393 851 1428 906 ad
1454 871 1499 906 an.
1524 855 1560 908 83
1583 856 1612 909 in
1627 857 1753 912 Suetonii
1771 860 1836 914 loco

240 934 384 1006 ἰπεκλτίθη,
398 935 442 992 καὶ
456 932 613 1013 Κορνήλιος,
638 933 702 990 διότι
725 933 862 1014 Κορνηλίῳ
878 933 1014 1013 Λεντοιίλῳ
1060 937 1171 990 exhibet
1185 939 1303 992 studiose
1313 950 1341 991 et
1353 939 1433 992 avide
1443 944 1565 994 imitatus
1573 953 1624 1010 est,
1638 944 1708 996 nihil
1722 964 1837 1000 monens

240 1021 458 1102 αἰχμαλωτισθεὶς
468 1021 569 1097 ’ἐπράθη
585 1019 629 1078 καί
641 1021 713 1100 αὐτῷ
725 1020 890 1097 παιδαγωγὸς
905 1019 1013 1099 ἐγένετο·
1061 1023 1097 1078 de
1109 1025 1236 1078 iectionis
1251 1025 1419 1079 diversitate.
1435 1027 1485 1081 Vel
1498 1029 1537 1082 sic
1552 1039 1644 1084 tamen
1657 1033 1835 1088 statuendum

240 1099 295 1166 εἶτα
310 1107 488 1187 ἠλευθερώθη·
501 1101 532 1178 iv
544 1107 570 1165 δὲ
586 1109 611 1166 ἓν
623 1105 717 1183 Ῥώμη
730 1107 773 1165 tet
785 1111 836 1164 τῶν
849 1107 940 1167 Σύλλα
951 1108 1015 1187 χρό-
1059 1119 1140 1184 putat
1153 1111 1291 1166 Cratctem
1307 1113 1405 1166 vixisse
1419 1131 1507 1184 usque
1521 1114 1556 1170 ad
1569 1118 1835 1188 annum·123a.C.‚

239 1217 289 1252 νων
302 1194 346 1252 καί
360 1193 402 1250 ἐπὶ
415 1194 477 1251 τάδε
491 1194 534 1271 (⁴¹).
547 1191 672 1272 Ἀυηρὲθη
695 1193 722 1250 δὲ
737 1195 763 1250 ἐν
777 1196 950 1272 Λαυρενταῒς,
965 1193 1015 1252 θπθ
1061 1217 1118 1269 quo
1134 1209 1263 1270 tempore
1279 1199 1438 1254 Alexander
1457 1201 1558 1274 viginti
1578 1202 1633 1258 fere
1655 1223 1744 1262 annos
1757 1218 1838 1262 natus

239 1272 319 1352 πυρὸς
333 1276 378 1342 τῆς
392 1272 474 1338 οἰκίας
485 1270 634 1351 φθαρείσης.
655 1271 736 1342 Καλή
750 1271 813 1347 γυνὴ
827 1273 904 1330 αὐτοῦ
918 1272 1014 1343 Ἑλένη
1061 1284 1162 1353 fuisset,
1172 1284 1243 1338 adeo
1251 1295 1283 1338 ut
1292 1286 1375 1340 Sullae
1385 1285 1530 1342 dictatoris
1540 1292 1725 1364 temporibus,
1734 1295 1838 1366 quibus

241 1349 1015 1436 peroreszimpiberi-isiadusreprimendum
1061 1372 1172 1424 civitate
1194 1371 1315 1426 donatus
1330 1383 1383 1441 est,
1406 1377 1600 1446 sexagenarius
1619 1376 1712 1434 suerit.
1728 1382 1794 1434 iiaec
1815 1384 1836 1436 si

241 1448 377 1527 κράτητος
395 1451 527 1524 μαθητῶν,
545 1438 781 1526 Οὗτοςσυνίγραψε
798 1445 886 1524 βιὸλίοι
906 1447 1015 1524 ἀριθμοῦ
1061 1456 1195 1526 admittis,
1215 1457 1323 1512 admitti
1347 1459 1463 1514 sortasse
1483 1462 1567 1516 etiam
1582 1473 1675 1534 potest
1697 1467 1836 1538 Hyginum

239 1535 362 1612 κρείττω,
379 1535 423 1592 καί
436 1534 502 1614 Περὶ
517 1533 623 1610 Ῥώμης
637 1533 726 1612 indiis
739 1534 825 1594 πέντε.
856 1533 904 1592 Ἐν
915 1533 1012 1601 τούτοις
1060 1546 1210 1616 puerulum
1228 1545 1346 1600 audiisse
1360 1565 1453 1602 senem
1467 1559 1594 1604 nostram
1612 1555 1834 1625 octogenarium.

240 1621 309 1698 λέγει
328 1625 362 1686 ὡς
381 1619 445 1698 pavi
461 1619 563 1696 γέγονεν
577 1619 690 1700 ‘Elimia
713 1618 817 1694 Μωσὼ,
833 1610 863 1688 ἧς
877 1621 931 1676 ἔστι
953 1621 1014 1696 mit·
1061 1631 1115 1686 Sed
1132 1651 1232 1706 parum
1251 1634 1305 1688 hoc
1318 1635 1467 1708 probabile
1482 1633 1526 1713 (*).
1547 1637 1672 1711 Rumpfii
1689 1659 1756 1694 vero
1770 1660 1836 1696 sen-

239 1729 350 1786 γραμμα
364 1709 451 1786 θπαρ’
466 1707 601 1786 Ἑθραίοις
616 1707 901 1782 νόμος.’(11.1·“.ιιιλοοίιι
915 1729 944 1782 p.
961 1711 1013 1778 62,
1061 1722 1147 1775 tentia
1157 1723 1272 1776 omnino
1282 1721 1440 1792 rejicienda.
1448 1723 1779 1800 EtenimAlexanderlsr.
1790 1730 1836 1801 47)

239 1797 628 1856 ubleatiembrevius.scitol.
641 1799 736 1870 Apoll.
749 1799 804 1854 th.
817 1795 908 1870 l,925
922 1793 1016 1854 ζἜστι
1061 1807 1158 1862 laudat
1174 1808 1392 1862 Promathidam,
1414 1811 1441 1864 Is
1460 1809 1597 1882 Dionysio
1612 1813 1718 1868 Thrace
1739 1826 1777 1869 est
1787 1816 1837 1885 ju.

239 1883 309 1943 καί..
320 1880 497 1962 Χερσόνυησος
511 1882 619 1962 Καρίας,
630 1882 698 1939 ἔνθεν
709 1873 740 1952 ἦν
751 1880 937 1961 bilbilim&
952 1883 1016 1962 Περὶ
1061 1895 1125 1948 nior
1139 1893 1267 1967 ejusque,
1280 1906 1311 1948 ut
1324 1895 1448 1964 videtur,
1461 1896 1621 1970 discipulus.
1638 1900 1788 1972 Dionysius
1798 1915 1838 1956 est

241 1969 341 2047 Καρίας
351 1967 471 2049 γράψας,
485 1973 533 2044 qui
544 1991 559 2027 a
570 1973 678 2026 Milesio
691 1991 748 2025 non
756 1972 889 2040 diversus,
899 1973 1015 2027 Cherso-

240 2061 298 2114 nesi
312 2071 409 2128 natus,
425 2060 510 2114 illileti
523 2059 656 2138 educatus
670 2059 764 2115 luerit.

280 2149 391 2202 Servius
404 2149 434 2201 in
448 2149 544 2220 Virgil.
561 2147 624 2204 AEn.
645 2148 688 2214 X,
705 2147 761 2202 388
781 2145 857 2220 (vid.
883 2147 916 2202 sr.
934 2145 988 2220 28)
1008 2167 1014 2200 :

240 2237 403 2290 Alexander
415 2234 607 2305 Poh‘histon„
627 2253 705 2308 quem
728 2233 862 2310 (Lucius)
881 2236 961 2298 Sylla
976 2239 1015 2288 ci·

239 2329 321 2378 ritate
334 2325 455 2376 donavit.

278 2411 427 2464 Suetonius
435 2411 477 2462 De
487 2408 585 2465 illustr.
598 2426 686 2482 gram
700 2428 724 2462 c.
743 2427 780 2463 ao
792 2426 800 2464 :
814 2410 844 2464 C.
856 2411 950 2462 Julius
960 2411 1016 2476 Ηγ-

238 2503 332 2572 ginus,
352 2499 470 2567 Augusti
493 2492 656 2561 libertem...
678 2497 797 2550 studiose
816 2509 844 2550 et
865 2499 973 2551 audivit
990 2513 1018 2554 et

240 2591 363 2642 imitatus
371 2595 412 2638 est
421 2583 579 2637 Cornelium
590 2585 790 2648 Alexandrum,
805 2591 1016 2656 granrrneticum

241 2674 366 2726 Groecuur
373 2712 379 2736 ,
395 2687 474 2742 quem
485 2682 599 2742 propter
605 2675 779 2744 antiquitatis
790 2657 916 2725 notitiem
929 2674 984 2726 Pol
994 2694 1016 2713 ²-

239 2760 367 2814 historrm
378 2759 470 2822 multi,
487 2760 599 2828 quidam
612 2760 761 2812 Historiam
775 2772 877 2814 vocam.

279 2848 344 2900 Haec
356 2854 420 2898 sunt
431 2862 492 2915 quse
505 2843 540 2896 de
554 2845 610 2898 vita
625 2844 776 2899 Alexandri
791 2843 891 2898 tradita
905 2847 1016 2918 accepi-

239 2952 310 2991 mus.
323 2930 523 2988 Difficultatem
538 2943 648 3000 movet,
663 2933 743 3004 quod
761 2931 916 2986 Alexander
930 2933 1016 2987 disci-

238 3022 322 3094 pulus
342 3020 457 3074 Cratetis
477 3028 505 3070 et
527 3020 658 3090 magister
679 3019 783 3092 Hygini
797 3019 876 3073 ln'sse
899 3019 1014 3076 dicitur.

239 3110 310 3162 Nam
324 3106 419 3164 Crates
435 3123 450 3158 c
471 3107 620 3177 cheneri
637 3103 698 3176 (De
711 3105 774 3159 aula
786 3106 871 3162 Attal.
885 3102 892 3179 l
908 3107 1017 3160 calculis

239 3196 361 3250 moritur
374 3194 447 3246 circa
457 3209 502 3247 an.
521 3197 574 3255 142
584 3211 608 3246 a.
623 3193 654 3246 C.
665 3231 673 3258 ‚
685 3191 754 3245 adeo
767 3201 799 3244 ut
810 3193 961 3246 Alexandri
972 3211 1016 3246 na·

240 3280 467 3336 tales-minimum
478 3277 617 3331 referendi
628 3279 682 3330 sint
693 3277 729 3330 ad
741 3295 787 3332 an.
807 3277 860 3330 160
873 3296 898 3334 a.
915 3279 945 3334 C.
957 3281 1017 3351 Hy-

239 3370 321 3442 ginus
334 3384 402 3420 vero
418 3365 532 3436 Augusti
552 3365 668 3418 libertus
688 3365 734 3417 vix
749 3364 843 3435 potuit
861 3366 937 3418 nasci
953 3377 1017 3420 ante

242 3473 279 3523 70
293 3473 318 3510 a.
329 3453 372 3522 (1.,
383 3452 454 3506 adeo
467 3462 499 3504 ut
509 3451 668 3506 Alexander
679 3451 762 3504 etiam
774 3460 837 3521 post
848 3468 893 3504 an.
906 3451 942 3504 60
952 3470 1016 3506 cen·

242 3541 362 3596 tenarius
375 3549 402 3592 ct
414 3539 532 3610 amplius
542 3538 673 3592 docendo
688 3548 839 3609 occupatus
848 3537 940 3593 luerit
951 3541 1017 3594 Haec

241 3645 336 3682 avcro
350 3625 514 3680 abhorrent.
529 3626 644 3680 Solvere
660 3625 769 3679 nodum
789 3626 832 3679 vel
848 3643 940 3680 secare
955 3637 1016 3682 ten-

241 3715 310 3768 tavit
324 3711 440 3783 Rumpl.
460 3712 663 3782 (Commentat.
685 3715 727 3766 De
750 3713 829 3767 Alex.
852 3711 914 3771 Pol.
931 3733 959 3786 p.
987 3714 1013 3774 5.

242 3799 386 3872 Heidelbg.
406 3797 507 3874 1845).
523 3823 535 3848 ι
552 3801 697 3872 Errorem,
708 3799 760 3866 ait,
777 3800 805 3851 iu
817 3801 941 3854 Suetonii
953 3819 1018 3856 ver-

242 3889 285 3940 bis
297 3887 403 3940 subesse
417 3887 515 3958 liquet.
528 3887 596 3940 lllihi
605 3887 691 3940 verba
701 3897 730 3939 et
742 3887 957 3940 ‹zucliitomnino
969 3889 1018 3960 eji-

244 3973 341 4027 cienda
356 3991 371 4026 e
390 3983 467 4026 textu
488 3973 628 4030 videntur.
646 3977 684 4028 Ea
698 3975 806 4046 primus
818 3974 949 4046 probavit
962 3975 1017 4030 Ca-

243 4061 397 4125 saubonus3
414 4071 581 4132 receperunt
600 4061 818 4133 Oudendorpius
832 4079 866 4115 ex
885 4063 966 4130 lllss.‚
986 4074 1018 4118 ιιι

243 4149 295 4212 ait,
310 4148 450 4200 Ernestius
465 4165 498 4200 ex
516 4145 640 4200 editione
651 4149 672 4202 F
675 4149 827 4216 lorentina,
842 4150 1017 4203 retinuerunt

243 4235 275 4290 F.
292 4238 325 4294 A.
340 4231 460 4287 Wolfius
474 4243 501 4287 et
511 4235 832 4307 baumgarten-Crusius.
844 4238 928 4291 Antea
943 4237 1018 4308 lege-

243 4321 327 4375 batur
337 4321 468 4386 etoride;
482 4339 543 4392 quae
555 4322 670 4392 quidem
677 4323 762 4377 verba
774 4341 862 4394 quum
872 4324 1017 4378 manifesto

243 4409 296 4461 sint
311 4417 458 4480 corrupta,
473 4425 488 4461 a
504 4407 589 4462 docto
606 4409 729 4480 quodam
744 4411 860 4464 librario
881 4413 908 4464 in
924 4424 950 4464 rt
963 4431 1017 4464 au-

243 4496 296 4548 ‹liit
316 4505 442 4548 correcta
457 4513 512 4549 esse
530 4495 669 4569 videntur.
684 4498 772 4569 igitur
786 4507 883 4552 neutra
897 4515 963 4552 vera
977 4509 1018 4553 cst

243 4583 342 4648 lectio;
358 4582 432 4636 illam
447 4593 539 4638 tamen
552 4585 703 4656 speciosam
718 4585 832 4656 quidem
846 4588 1018 4658 struximeque

243 4669 412 4723 arridentem
438 4671 563 4724 Suetonii
586 4669 710 4724 editores
733 4684 917 4744 receperunt,
940 4675 1017 4745 quod

244 4755 425 4826 Polyhistoris
436 4768 542 4812 aetatem
553 4758 683 4811 nonsatis
693 4759 831 4831 cognitam
844 4759 995 4817 habebant.
1006 4783 1018 4808 s

276 4925 307 4984 ς’)
321 4928 364 4974 Καὶ
382 4926 419 4974 ἐπὶ
431 4927 495 4989 τάδε]
506 4928 557 4976 ture
567 4941 613 4977 non
624 4928 739 4979 intellexit
758 4930 852 4992 itumpi.
868 4933 963 4980 vertens
972 4943 1016 4981 us·

245 5006 293 5058 qur
303 4995 339 5044 ud
348 4995 561 5054 illiussuciuoro.

1062 1979 1213 2054 discipulus
1227 1983 1390 2038 Aristarchi.
1406 1985 1476 2038 Cum
1491 1986 1649 2039 Aristarcho
1662 2005 1838 2060 componen-

1062 2066 1114 2122 dus
1123 2071 1231 2137 Crates3
1243 2069 1314 2123 adeo
1327 2079 1358 2123 ut
1369 2070 1528 2126 Alexander
1538 2091 1601 2126 cum
1612 2075 1746 2147 Dionysio
1759 2095 1838 2130 com-

1061 2156 1130 2226 poni
1151 2155 1282 2220 deberet,
1297 2157 1319 2210 si
1340 2156 1498 2212 Alexander
1511 2176 1608 2230 reapse
1631 2161 1768 2216 Cratetem
1785 2182 1838 2217 au-

1063 2241 1167 2299 diisset.
1181 2245 1240 2296 lam
1253 2261 1322 2297 vero
1336 2243 1496 2298 Alexander
1512 2246 1607 2300 laudat
1618 2260 1761 2304 auctorem
1776 2252 1838 2322 ipso

1062 2329 1196 2401 Dionysio
1215 2329 1367 2399 juniorem.
1392 2331 1465 2384 Hinc
1486 2332 1571 2403 igitur
1591 2334 1704 2407 colligas
1717 2339 1839 2392 Alexan-

1063 2412 1144 2468 drum
1159 2415 1387 2488 componendum
1398 2418 1493 2488 potius
1508 2436 1564 2472 esse
1578 2437 1643 2472 cum
1659 2423 1783 2494 Dionysii
1798 2424 1840 2476 ‹li-

1062 2502 1190 2574 scipulis,
1207 2505 1256 2574 qui
1272 2505 1399 2576 Pompeii
1418 2514 1496 2559 aetate
1513 2503 1662 2563 florebant.
1676 2509 1840 2582 Eademque

1064 2600 1188 2661 tempora
1196 2591 1339 2662 postulant
1346 2591 1430 2644 verba
1441 2592 1578 2664 Suetonii,
1586 2595 1628 2646 uti
1636 2596 1839 2666 exconjectura

1063 2675 1200 2730 etdeinde
1212 2695 1228 2730 e
1240 2677 1303 2734 lllss.
1315 2679 1464 2732 constituta
1476 2697 1550 2733 nunc
1560 2680 1614 2752 legi
1626 2682 1726 2738 solent.
1740 2683 1840 2756 Itaque

1062 2769 1133 2823 bene
1154 2769 1238 2823 habet
1261 2770 1423 2838 Suetonius;
1446 2790 1594 2844 perperam
1617 2775 1730 2843 suidas,
1754 2796 1840 2848 quem

1062 2865 1156 2910 temen
1173 2855 1325 2911 defendere
1339 2857 1552 2929 quodammodo
1574 2862 1662 2932 possis
1682 2863 1741 2916 aliis
1757 2864 1839 2932 loeis,

1062 2943 1111 2996 ubi
1126 2939 1241 3015 μαθηταί
1253 2945 1353 2999 laxiori
1364 2963 1444 2999 sensu
1465 2945 1606 3016 dicuntur,
1617 2966 1675 3002 uon
1687 2949 1840 3020 auditores,

1094 3121 1124 3180 (*)
1139 3124 1200 3178 Qure
1210 3125 1325 3182 praeterea
1334 3123 1460 3172 Clintonus
1472 3125 1488 3172 1.
1502 3123 1519 3174 1.
1530 3127 1597 3174 notet
1608 3139 1707 3178 erronea
1716 3132 1779 3179 sunt.
1793 3134 1839 3180 Ρο-

1062 3191 1171 3253 lyhistor‚
1184 3192 1231 3252 ait,
1241 3193 1331 3252 though
1341 3193 1415 3241 called
1426 3207 1440 3241 a
1450 3195 1555 3243 Milesiae
1563 3196 1594 3257 by
1606 3196 1705 3258 suidas,
1718 3213 1768 3248 was
1777 3200 1839 3252 horn

1063 3263 1086 3311 in
1098 3265 1206 3325 Phrygia.
1218 3264 1330 3324 stephan.
1341 3267 1397 3325 Byr..
1408 3284 1414 3313 ι
1424 3265 1557 3326 timidone,
1566 3269 1630 3322 πόλις
1638 3269 1776 3330 Φρυγίας,...
1786 3273 1842 3320 ἔνθα

1062 3331 1089 3392 ἦν
1099 3334 1239 3396 Ἀλέξανδρος
1248 3335 1261 3380 θ
1270 3334 1455 3392 Ἀσκληπιάδου,
1465 3339 1626 3398 γραμματικὸς
1637 3341 1841 3398 πολυμαθέστατος

1062 3403 1247 3464 χρηματίζων,θς
1254 3403 1310 3465 Περὶ
1316 3406 1463 3461 παντοδαπῆς
1468 3407 1701 3469 ὕληςτεσσαράιιουτα
1706 3409 1747 3456 δύο
1753 3410 1840 3471 ἔγραψε

1063 3473 1145 3534 λόγους
1159 3472 1193 3536 [in
1210 3471 1264 3520 cod.
1283 3473 1407 3534 iihediger.
1422 3473 1458 3522 κδ’
1470 3474 1555 3536 ἔγραψε
1568 3476 1632 3538 βίους
1645 3479 1729 3538 (sueta
1749 3493 1840 3528 vocum

1063 3543 1112 3604 βίος
1130 3547 1154 3592 et
1172 3544 1249 3606 βίὸλος
1264 3542 1487 3605 commutationem.
1505 3545 1618 3594 similiter
1635 3551 1690 3596 onte
1704 3547 1841 3598 clintonem

1063 3615 1195 3661 statuerant
1205 3612 1304 3662 Vossius
1316 3615 1345 3660 11.
1354 3615 1395 3662 Gr.
1408 3625 1431 3674 p.
1445 3618 1486 3662 181
1497 3627 1544 3675 sq,
1555 3617 1650 3664 Auster.
1661 3616 1690 3664 ad
1703 3617 1770 3672 Suid.
1782 3619 1798 3666 1.
1812 3620 1840 3678 1,,

1063 3682 1162 3732 tensius
1172 3686 1222 3731 scr.
1235 3684 1265 3731 11.
1276 3681 1333 3743 phil.
1345 3685 1380 3740 11,
1394 3689 1421 3731 ιο
1431 3695 1454 3744 p.
1468 3689 1512 3732 ²³5
1520 3719 1527 3742 ,
1536 3685 1631 3733 schoeii.
1643 3686 1667 3734 in
1678 3687 1738 3735 iiist.
1749 3687 1785 3734 iit.
1797 3690 1841 3736 Gr.

1063 3755 1121 3800 tom.
1133 3755 1168 3812 11,
1181 3765 1203 3812 [ι.
1218 3755 1262 3801 713
1274 3751 1328 3812 (ed.
1345 3753 1432 3800 Berlin.
1451 3756 1533 3812 1830).
1545 3755 1636 3811 Quibus
1652 3755 1714 3803 adde
1725 3757 1841 3818 i'orbigo-

1063 3835 1116 3870 rum
1138 3823 1223 3884 Geoqr.
1238 3825 1264 3882 Ι,
1281 3827 1340 3880 tot,
1356 3835 1428 3883 quem
1439 3822 1492 3871 bec
1501 3823 1581 3884 opinio
1593 3825 1617 3872 in
1630 3824 1705 3873 alium
1722 3825 1793 3874 etiem
1804 3829 1842 3874 in-

1062 3891 1132 3940 duxit
1151 3905 1265 3940 errorem.
1285 3893 1316 3940 At
1331 3891 1385 3940 lucc
1399 3892 1486 3942 elarius
1501 3895 1538 3942 est
1551 3893 1588 3942 Al.
1607 3893 1751 3954 Asclepiadis
1763 3896 1841 3944 titium

1063 3964 1095 4010 11.
1108 3963 1218 4010 Antonini
1230 3961 1378 4022 imperatoris
1391 3961 1462 4009 luisse
1474 3963 1623 4024 magistrum,
1635 3964 1673 4011 cui
1683 3963 1750 4023 idios
1761 3965 1842 4013 ἐπιτά-

1062 4047 1112 4090 φιον
1122 4029 1214 4090 scripsit
1224 4029 1346 4088 Aristides,
1356 4033 1422 4079 Orat.
1435 4032 1553 4090 xixton.
1566 4035 1585 4090 1,
1596 4044 1619 4092 p.
1635 4036 1675 4079 131
1685 4045 1737 4093 sqq.
1749 4033 1842 4096 Dindi,

1063 4101 1096 4146 uti
1107 4101 1252 4146 monuerunt
1262 4101 1315 4160 post
1323 4099 1454 4147 Ateursium
1462 4101 1471 4160 (
1479 4103 1542 4147 note.
1552 4099 1582 4147 ad
1593 4100 1699 4152 ciuicid.
1711 4113 1733 4161 p.
1746 4102 1787 4161 7),
1796 4105 1842 4150 Fa·

1063 4169 1163 4216 bricium
1174 4169 1217 4228 (B.
1230 4171 1272 4218 Gr.
1283 4172 1326 4229 111,
1337 4181 1361 4229 p.
1373 4169 1447 4230 319),
1459 4169 1594 4220 burellium
1607 4171 1696 4230 (item.
1707 4169 1736 4217 tle
1747 4169 1840 4221 l'Arnd.

1063 4241 1099 4298 x,
1118 4253 1141 4300 p.
1163 4241 1231 4298 toi),
1252 4241 1397 4298 Wegenerus
1421 4239 1472 4298 (De
1492 4238 1547 4288 οιιΙο
1574 4238 1647 4286 Attal.
1668 4251 1691 4298 p.
1716 4241 1790 4298 1991,
1814 4244 1839 4294 1,

1063 4307 1158 4368 Βιιοιρί.
1176 4309 1349 4369 (commentat.
1362 4307 1393 4354 de
1409 4307 1537 4355 Alexandri
1555 4303 1637 4367 Polyb.
1652 4307 1701 4356 vita
1715 4311 1739 4356 ct
1755 4309 1838 4370 script.

1063 4377 1210 4438 Heidelberg.
1228 4381 1294 4438 itio,
1305 4389 1329 4438 p.
1340 4377 1380 4438 o),
1392 4376 1501 4425 Lehrsius
1512 4377 1620 4436 (Quest.
1632 4377 1698 4438 Epic.
1709 4390 1732 4438 p.
1745 4380 1839 4438 8411),

1062 4449 1103 4509 qui
1116 4447 1167 4496 inse
1177 4447 1295 4508 docteque
1308 4459 1363 4507 quoe
1375 4445 1405 4493 ad
1419 4449 1582 4506 cotyaeensem
1591 4447 1772 4506 grammaticum
1783 4461 1840 4508 per·

1063 4519 1139 4566 tinent
1154 4517 1271 4578 exposuit.
1288 4515 1415 4576 Wegeneri
1430 4517 1588 4574 sententiam,
1601 4527 1691 4576 exque
1705 4515 1842 4564 Alexander

1062 4587 1168 4636 Milesius
1182 4586 1245 4635 idem
1257 4585 1319 4634 toret
1330 4598 1386 4633 cum
1402 4584 1536 4633 Alexandro
1547 4584 1649 4645 Ephesio
1660 4587 1685 4634 et
1700 4583 1840 4636 Alexandro

1064 4655 1174 4716 ttyudio,
1184 4667 1327 4703 memorasse
1339 4655 1450 4702 sufficiat.
1462 4654 1523 4702 Vide
1532 4654 1628 4715 Rumpi.
1641 4653 1658 4702 1.
1670 4654 1685 4702 Ι.
1697 4667 1720 4716 p.
1734 4658 1746 4702 7
1758 4667 1793 4716 sq.
1807 4681 1842 4698 -.

1063 4729 1098 4776 De
1110 4725 1243 4774 Alexandro
1256 4724 1355 4786 Ephesio
1371 4723 1426 4772 vide
1441 4723 1510 4773 inira.
1529 4727 1627 4772 ceteros
1642 4723 1790 4772 Alexandros
1800 4737 1842 4770 n·-

1063 4797 1158 4843 censent
1175 4795 1304 4855 ticonius,
1318 4797 1387 4842 Voss
1405 4795 1422 4842 1.
1436 4793 1468 4852 1.,
1482 4793 1603 4842 Fabricius
1622 4795 1648 4842 B.
1662 4796 1704 4842 Gr.
1724 4795 1783 4840 tom.
1799 4797 1841 4854 11,

1062 4876 1086 4924 ρ.
1100 4867 1144 4911 232
1156 4875 1208 4923 sqq.
1218 4861 1256 4910 ed.
1267 4875 1302 4923 pr.
1312 4862 1421 4924 -Apud
1431 4862 1542 4923 stephan.
1560 4863 1616 4922 Byr.
1628 4873 1651 4912 υ.
1664 4861 1802 4922 Παρνασσὸς
1814 4867 1842 4911 et
1860 4895 1863 4900 -

1064 4933 1175 4992 Attqpro
1183 4933 1322 4994 Ἀλέξανδρος
1330 4931 1454 4994 legendum
1464 4932 1637 4994 Ἀλεξανδρίδης.
1649 4935 1678 4980 V.
1691 4932 1774 4992 fragm.
1784 4931 1840 4979 Ale·

1065 5001 1187 5053 tanilritlm
1197 5002 1289 5064 Delphi.
