4004 5736
204 359 260 411 8⁴⁰

203 495 261 548 ttrs
276 493 467 546 inronnrst
480 486 617 566 (exceptis
630 489 714 544 rebus
726 485 878 566 Arcadiae).
889 491 980 546 hanr-

153 625 158 632 .
203 597 255 634 rus
269 581 509 634 lleaxcnmrrun.
527 579 570 632 De
585 578 682 650 priscis
694 577 880 651 Peloponnesi
893 577 981 632 nomi·

204 667 301 734 nibus,
327 665 362 722 fr.
386 665 433 722 32.
458 663 729 737 Amythaonidarum
754 666 842 734 fama,
866 663 901 723 fr.
928 663 979 733 33,

204 755 326 822 Orestes,
342 751 376 809 fr.
399 749 461 818 W.
476 783 515 796 —
526 751 640 806 Rediens
657 753 870 806 Hemclidarum
891 771 901 804 :
923 751 981 805 la-

204 841 360 906 cedoemon,
381 839 415 896 fr.
432 838 484 907 36,
501 837 547 908 37.
570 840 676 912 Argos,
701 837 735 896 fr.
753 837 816 898 38⁸.
837 841 977 904 Messene,

206 927 241 981 fr.
259 925 323 1001 39⁴⁸,
346 933 392 992 lo.
405 923 567 991 Corinthus,
588 924 624 979 fr.
642 931 689 990 tr.
704 927 862 1000 Antequam
876 925 912 981 de
925 925 983 982 Co·

206 1013 301 1068 rintho
324 1031 339 1068 a
359 1011 541 1068 Doriensibus
561 1019 698 1084 occupata
720 1021 888 1084 exponeret,
909 1011 983 1067 anti-

206 1102 336 1173 quiorem
353 1101 470 1154 civitatis
481 1099 626 1152 historiam
640 1099 782 1172 praemisit.

246 1190 336 1242 Lrarx
348 1190 379 1242 V.
394 1189 453 1242 Rus
465 1189 613 1252 Auernas,
626 1203 688 1258 quae
701 1185 767 1240 solae
784 1195 865 1240 motu
878 1185 984 1240 Dorico

208 1274 376 1328 inconcussae
390 1281 546 1328 meruerant
554 1311 563 1338 ,
577 1270 643 1326 inde
656 1271 691 1326 ab
706 1269 835 1345 Lycaone
848 1283 984 1344 repetun-

207 1369 264 1428 tur,
280 1360 315 1417 fr.
333 1365 435 1424 tra-At.
453 1389 493 1400 -
504 1360 611 1414 lusune
626 1373 712 1414 naurs
727 1359 832 1433 AEoer,
847 1376 909 1431 quae
921 1367 985 1431 post

208 1447 421 1502 lleraclidarufn
432 1445 594 1500 descensum
604 1461 691 1500 novas
702 1445 833 1501 incolase
846 1446 985 1518 Pelopon·

208 1551 276 1587 neso
294 1533 431 1605 accepisse
448 1530 590 1596 videntur,
605 1531 779 1605 aliarumque
794 1531 908 1586 urbium
928 1532 987 1586 ori-

208 1621 286 1694 gines
296 1639 329 1674 ex
340 1619 438 1674 iisdem
449 1619 538 1674 causis
547 1617 706 1691 repetenda
721 1617 771 1692 (fr.
785 1617 906 1694 45-48).

250 1709 340 1762 Lrsax
354 1708 401 1762 Vl.
415 1707 555 1760 llrsrorrr
564 1705 715 1761 Lrnonnrr.
726 1705 817 1780 Reges
832 1703 987 1761 Heraclidae

210 1811 299 1866 usque
322 1793 358 1848 ad
372 1791 558 1861 Candaulem,
580 1791 615 1849 fr.
631 1789 694 1866 49⁴⁸.
709 1821 748 1834 -
767 1795 986 1848 Arnusrssssurr

209 1898 358 1952 nrsronu,
377 1897 466 1951 usque
484 1877 521 1934 ad
533 1880 738 1934 institutionem
752 1879 920 1934 archontum
934 1897 985 1935 an-

209 1985 346 2038 unorum,
357 1967 399 2021 uti
410 1965 530 2024 ridetur.
544 1959 664 2020 initium
672 1975 772 2022 auctor
783 1967 931 2040 sumpserit
943 1967 988 2022 vel

213 2053 280 2110 inde
297 2073 314 2110 a
333 2054 441 2109 Troicis
454 2053 643 2126 temporibus,
663 2054 706 2108 val
722 2055 805 2108 etiam
817 2053 883 2108 inde
902 2053 986 2110 aCe-

211 2159 306 2216 crope.
320 2143 361 2196 Ex
376 2141 537 2214 fragmentis
555 2159 617 2213 quae
631 2141 686 2196 huc
697 2141 853 2214 pertinent,
866 2141 989 2196 alterum

211 2239 251 2285 est
274 2229 311 2284 de
333 2227 532 2301 Demophonte
554 2245 621 2300 rege
644 2227 760 2300 ejusque
785 2227 990 2283 successoribus

213 2317 267 2390 (fr.
284 2315 370 2391 δυ’),
390 2317 508 2370 alterum
529 2315 565 2370 de
586 2315 765 2388 Hippomene
780 2315 915 2370 archonte
936 2315 989 2371 de-

211 2405 321 2458 cennali
344 2402 394 2471 (fc.
418 2400 480 2474 δι).
501 2401 632 2458 Coronen
653 2421 661 2456 ι
683 2402 840 2456 lllrrrrxuu
860 2404 990 2476 migratio

212 2493 242 2545 in
255 2491 375 2546 Theram
399 2491 532 2557 insulam,
556 2487 659 2544 deinde
674 2489 704 2543 in
721 2489 853 2563 Libyam,
868 2489 917 2544 ubi
932 2491 991 2562 Cy·

213 2597 289 2633 reme
300 2597 316 2633 a
328 2579 409 2632 Batto
423 2576 595 2632 conduntur.
611 2574 673 2647 Qua
689 2577 835 2632 occasione
849 2575 987 2650 reliquam

215 2683 329 2720 omnem
349 2663 540 2720 Battiadarum
561 2663 705 2718 historiam
724 2674 823 2719 auctor
837 2665 989 2736 subjunxit.

219 2755 292 2809 llinc
306 2759 446 2808 servatum
461 2751 496 2810 fr.
519 2749 555 2806 52
576 2747 611 2805 de
626 2752 767 2806 Arcesilan
784 2749 823 2809 11.
838 2781 877 2792 -
894 2753 991 2806 Ionux

214 2839 390 2914 migratioin
402 2839 504 2894 Asiam.
514 2838 614 2910 Minyae
624 2838 740 2892 Ionibus
753 2853 781 2892 se
795 2835 993 2909 adjunxerunt.

216 2929 365 2999 Cyrenarum
389 2926 522 2994 historia,
547 2923 583 2981 fr.
610 2922 674 2983 53⁸¹.
699 2925 796 2980 Mileti
813 2925 929 2981 historia
946 2945 994 2981 us-

216 3033 272 3088 que
286 3014 322 3070 ad
336 3012 420 3068 finem
434 3011 613 3080 Nelidarum‚
626 3009 663 3066 fr.
678 3010 726 3077 54.
744 3043 782 3054 -
800 3011 858 3067 llas
870 3013 994 3068 anssr-

216 3119 326 3157 maun.
341 3099 469 3156 Historiae
480 3099 515 3154 de
526 3097 682 3154 Heraclidis
695 3099 810 3171 aliisque
820 3099 934 3172 regulis,
946 3099 995 3172 qui

215 3200 283 3244 tunc
296 3190 325 3242 in
334 3188 478 3242 Thessaliae
490 3185 649 3240 civitatibus
657 3183 829 3260 regnabant,
840 3185 996 3241 fabularem

219 3278 384 3331 memoriam
399 3273 541 3348 praemisit.
558 3273 622 3343 Quo
634 3275 777 3346 pertinent
791 3289 852 3344 quaa
866 3272 924 3328 sola
938 3291 995 3328 ser·

216 3373 280 3417 vata
292 3371 356 3416 sunt
370 3361 406 3416 de
416 3360 507 3428 Pelia,
519 3359 630 3429 Iasone,
643 3359 760 3433 Acasto,
776 3359 857 3414 Peleo
869 3357 922 3432 (fr.
940 3359 993 3431 55,

218 3449 284 3523 56).
301 3449 407 3504 -llas
417 3449 626 3514 Pruoaorsasr,
643 3463 731 3520 usque
744 3445 779 3502 ad
790 3456 917 3520 tempora
928 3447 996 3504 belli

219 3537 379 3592 Messeniaci
394 3537 425 3604 1,
441 3537 484 3590 uti
499 3537 635 3608 suspicor.
654 3535 797 3609 Superstes
810 3534 996 3610 fragmentum

219 3624 256 3679 de
269 3627 412 3696 Lycurgo.

257 3711 348 3765 Lmen
367 3709 429 3764 Vll.
447 3707 672 3764 Cosmraronurt
695 3725 829 3767 rraxsrr.
851 3709 994 3784 Cypselus,

219 3793 383 3866 Periander,
404 3795 635 3864 Psammetichus,
658 3797 693 3851 fr.
721 3795 783 3866 ὅδ’,
808 3795 855 3870 59,
877 3793 942 3853 60³.
958 3831 997 3840 —

219 3885 416 3939 Sicyoniorum
431 3899 566 3938 maanus.
581 3883 700 3956 Myron,
715 3881 870 3953 lsodemus,
882 3885 996 3939 Clisthe-

221 3987 286 4038 nes,
309 3969 346 4024 fr.
366 3965 486 4024 61*.-
506 3967 648 4024 anonuu
663 3985 802 4026 msroau.
818 3971 909 4044 Reges
919 3971 997 4026 Mer-

221 4057 349 4112 rnnadae:
370 4057 477 4130 Gyges,
493 4055 652 4128 Sadyattes,
670 4057 805 4130 Alyattes,
821 4059 943 4126 Croesus,
959 4057 995 4116 fr.

221 4143 326 4199 tia-65.
345 4173 383 4186 -
403 4145 552 4199 llanoaurr
576 4161 665 4198 arom
686 4137 823 4214 aversato,⁸
846 4147 997 4202 Psasrnun

221 4249 332 4286 aurern
344 4247 443 4288 rrrrrr.
461 4231 563 4304 Cyrus,
580 4229 616 4288 fr.
632 4229 695 4302 66⁴²,
707 4229 754 4301 67.
771 4233 880 4288 Croesus
893 4251 909 4289 a
924 4235 998 4306 Cyro

221 4319 327 4388 victus,
346 4317 381 4376 fr.
402 4309 448 4372 ¹68.
461 4347 501 4360 -
519 4319 704 4374 Rornanorum
722 4335 868 4389 ursanum,
887 4339 999 4392 quamn

221 4403 320 4475 primis
330 4403 415 4457 initiis
425 4419 539 4458 exorsus
553 4413 651 4458 auctor
660 4421 748 4478 usque
763 4404 799 4460 ad
812 4407 941 4480 expulsos
953 4424 1000 4462 re-

222 4507 270 4564 ges
292 4491 461 4563 exposuerit.
483 4491 639 4563 Supersunt
661 4491 761 4565 fragm.
786 4491 824 4566 69
845 4505 873 4548 et
895 4511 942 4568 70,
963 4493 999 4548 de

224 4577 353 4648 Amulio,
364 4577 525 4646 Numitore,
539 4575 663 4632 Romulo
680 4590 708 4632 et
719 4579 820 4636 Remo.

264 4663 335 4718 lnde
347 4681 362 4718 a
374 4663 449 4718 libro
461 4671 562 4718 octavo
573 4681 661 4736 usque
674 4663 709 4719 ad
720 4665 929 4740 nonagesimum
942 4685 1001 4722 sex·

225 4761 283 4806 tum
297 4759 399 4822 praeter
410 4759 545 4821 quattuor
565 4749 682 4806 minoris
696 4751 832 4806 momenti
847 4751 1000 4826 fragmenta

226 4828 297 4881 nihil
313 4829 376 4882 tulit
394 4837 513 4882 atatem.
529 4831 597 4899 Quae
611 4845 627 4884 e
641 4829 719 4884 libris
737 4829 854 4904 96-124
870 4835 999 4900 citantur,

227 4915 286 4969 fere
301 4916 395 4970 omnia
412 4916 555 4987 pertinent
569 4917 605 4970 ad
619 4918 806 4973 Mithridatica
821 4929 906 4991 atque
916 4921 1000 4992 Syriae

226 5003 380 5058 historiam.
396 5003 483 5058 Libro
503 5018 555 5058 110
575 5015 703 5059 narratur
718 5007 876 5078 triumphus
892 5007 1000 5061 Luculli

230 5089 291 5160 (nrt.
313 5087 349 5143 63
374 5107 398 5143 n.
426 5089 483 5166 (3.).
516 5089 605 5164 lgitur
627 5091 705 5144 libris
731 5102 841 5146 centurn
862 5103 889 5146 ct
913 5093 1001 5146 tribus

803 349 955 410 NlCOLAl
978 349 1195 410 DAMASCENI

1023 487 1032 564 (
1035 487 1083 544 8-t
1093 489 1135 561 ιο)
1140 489 1255 544 historia
1262 488 1605 545 continebaturannorum
1616 493 1727 546 circiter
1734 513 1805 566 qua-

1030 575 1242 650 dringentorum
1255 575 1469 648 quinquaginta.
1484 577 1598 650 Reliqui
1614 577 1677 632 libri
1690 581 1806 654 triginta

1026 673 1161 735 quattuor
1175 660 1184 736 (
1198 658 1346 736 rar-rii)
1365 663 1506 736 sexaginta
1528 665 1644 720 circiter
1662 683 1804 721 annorum

1026 753 1145 822 spatium
1165 748 1433 822 complectebantur.
1457 749 1587 804 Narratio
1611 769 1645 807 eo
1664 753 1806 825 prolixior

1026 847 1094 906 erat,
1106 853 1164 909 quo
1173 837 1292 910 propius
1306 845 1405 890 auctor
1418 835 1455 892 ad
1463 855 1512 892 sua
1525 837 1610 910 ipsius
1622 849 1749 912 tempora
1759 859 1807 896 ac·

1027 923 1154 982 cedebat.

1067 1009 1148 1066 Fides
1160 1009 1271 1066 Nicolai
1286 1009 1315 1064 in
1326 1007 1435 1082 majore
1446 1011 1539 1084 operis
1552 1021 1632 1085 parte
1651 1011 1756 1084 pendet
1771 1031 1806 1068 ex

1027 1097 1189 1152 auctoribus
1204 1113 1276 1168 quos
1288 1096 1373 1152 duces
1385 1097 1440 1152 sibi
1452 1097 1561 1170 selegit.
1578 1097 1613 1154 lu
1623 1099 1707 1154 rebus
1722 1103 1807 1172 Assy-

1027 1183 1137 1239 riorum
1156 1193 1185 1238 et
1199 1183 1349 1238 Medorum
1367 1185 1484 1239 Ctesiam
1502 1185 1637 1257 seqnitur.
1656 1185 1807 1258 Lydorum

1027 1271 1170 1326 historiam
1179 1277 1320 1324 mutuatus
1331 1281 1371 1325 est
1385 1289 1402 1326 e
1414 1269 1530 1326 Xantho
1544 1271 1587 1326 vel
1601 1273 1696 1344 potius
1710 1291 1726 1327 e
1738 1275 1810 1328 Dio-

1027 1357 1107 1430 nysio
1130 1357 1296 1428 Mytilenaeo.
1326 1358 1359 1410 ln
1381 1357 1483 1412 Grecis
1509 1355 1623 1426 fabulis,
1645 1356 1695 1412 ubi
1720 1359 1810 1415 multa

1028 1463 1045 1500 a
1062 1443 1170 1517 vulgari
1182 1443 1342 1498 narratione
1359 1443 1509 1514 recedunt,
1527 1463 1677 1517 quemnam
1700 1445 1810 1501 fontem

1029 1531 1172 1598 babuerit,
1186 1530 1278 1583 minus
1296 1529 1394 1601 liquet.
1412 1532 1471 1603 Ego
1492 1531 1608 1605 quidem
1631 1533 1810 1588 llellanicum

1029 1633 1179 1690 agnoscere
1189 1617 1219 1670 in
1230 1617 1263 1670 iis
1277 1616 1345 1670 mihi
1366 1615 1475 1676 videor.
1490 1617 1561 1672 lnde
1576 1618 1612 1673 ab
1625 1617 1720 1673 reditu
1746 1621 1808 1675 lle-
1858 1611 1870 1628 ⁸

1030 1703 1199 1759 raclidarum
1220 1704 1249 1756 in
1269 1703 1431 1759 Graecorum
1454 1701 1538 1758 rebus
1557 1705 1673 1778 Ephoro
1699 1709 1810 1780 potissi·

1030 1809 1107 1846 mum
1128 1809 1156 1846 se
1177 1789 1294 1845 addixit.
1318 1791 1351 1844 ln
1369 1791 1454 1846 rebus
1475 1791 1671 1847 Mithridaticis
1688 1811 1810 1866 compo-

1031 1879 1107 1934 nitur
1131 1897 1195 1934 cum
1220 1875 1372 1932 Posidonio
1396 1877 1449 1950 (fr.
1470 1875 1544 1952 79),
1561 1897 1595 1932 ex
1615 1897 1673 1952 quo
1687 1879 1811 1952 plurima

1031 1967 1059 2020 in
1073 1963 1125 2020 hac
1135 1963 1255 2019 historiae
1266 1971 1344 2036 parte
1356 1963 1548 2037 desumpserit.
1559 1965 1671 2020 Caesaris
1681 1955 1723 2021 De
1734 1967 1811 2024 bello

1031 2053 1138 2109 Gallico
1150 2051 1367 2107 commentarios
1375 2051 1546 2122 exscripsisse
1558 2053 1690 2106 statuitur
1703 2051 1741 2112 fr.
1758 2053 1808 2128 89.

1032 2134 1101 2203 Quae
1114 2129 1150 2186 de
1171 2129 1287 2186 Romuli
1300 2129 1415 2184 historia
1436 2129 1517 2183 affert
1533 2129 1582 2203 (fr.
1609 2129 1659 2202 69,
1681 2131 1752 2205 70),
1775 2133 1812 2188 ad

1032 2219 1151 2275 verbum
1165 2215 1338 2288 transcripsit
1354 2233 1388 2270 ex
1402 2215 1537 2288 Dionysio
1559 2217 1810 2278 Halicarnassense.

1034 2305 1120 2378 Quod
1141 2303 1256 2379 indigne
1275 2302 1395 2357 ferentes
1425 2303 1556 2356 nonnulli
1578 2313 1735 2359 statuerunt
1755 2307 1812 2362 fra-

1034 2403 1146 2469 gmenta
1161 2391 1208 2446 illa
1222 2390 1402 2444 librariorum
1414 2389 1495 2462 eulpa
1505 2399 1611 2445 temere
1626 2409 1683 2446 esse
1703 2393 1813 2449 Nicolai

1034 2481 1156 2552 reliquiis
1174 2477 1307 2532 admixta.
1320 2475 1354 2530 ld
1368 2493 1436 2530 vero
1449 2493 1502 2548 per
1514 2494 1540 2532 se
1553 2491 1653 2549 parum
1665 2479 1815 2550 probabile

1035 2577 1090 2635 est,
1102 2585 1151 2621 nec
1166 2563 1321 2637 quidquam
1335 2561 1419 2617 rideo
1434 2579 1485 2617 cur
1498 2561 1535 2617 ad
1546 2563 1685 2634 ejusmodi
1698 2576 1813 2621 senten-

1036 2655 1102 2709 tiam
1123 2651 1326 2724 confugiamus.
1350 2649 1420 2704 Nam
1432 2667 1520 2722 quum
1538 2651 1669 2704 Nicolans
1682 2669 1746 2706 sero
1761 2653 1815 2709 de-

1036 2761 1112 2796 mum
1124 2740 1160 2796 ad
1171 2739 1297 2794 historias
1305 2735 1465 2792 scribendas
1473 2755 1502 2792 se
1512 2737 1671 2807 conferret,
1686 2739 1773 2812 idque
1784 2743 1817 2796 iis

1037 2827 1224 2901 temporibus,
1236 2823 1337 2898 quibus
1348 2823 1401 2878 alia
1410 2823 1497 2878 multa
1510 2839 1563 2898 pro
1575 2823 1690 2880 Herode
1700 2830 1815 2900 negotia

1037 2915 1152 2970 subiisse
1168 2931 1232 2968 eum
1247 2919 1422 2983 compertum
1436 2909 1585 2984 habemus,
1601 2923 1816 2969 consentaneum

1037 3019 1102 3057 sane
1117 3009 1172 3070 est,
1194 2999 1316 3054 aulicum
1335 3007 1463 3052 nostrum
1482 2987 1511 3053 et
1528 2995 1702 3074 noluiempc,
1725 3006 1816 3057 πᾶσαν

1039 3084 1239 3164 ἀθροίσαντα
1258 3081 1306 3152 τὴν
1321 3081 1447 3160 ἱστορίαν,
1461 3085 1526 3140 satis
1544 3085 1673 3142 habuisse
1689 3085 1725 3142 de
1741 3091 1817 3143 anti-

1039 3171 1185 3246 quioribus
1200 3171 1373 3248 temporibus
1384 3169 1549 3239 historicos,
1564 3189 1637 3244 quos
1648 3176 1819 3230 narrationis

1039 3261 1094 3316 fide
1111 3269 1138 3315 et
1160 3259 1295 3333 elegantia
1311 3265 1444 3331 praestare
1465 3260 1562 3312 ceteris
1575 3270 1703 3335 putaret,
1719 3265 1819 3334 pressis

1040 3349 1118 3420 sequi
1132 3346 1252 3418 vestigiis
1271 3343 1316 3420 (⁴),
1327 3363 1397 3416 saepe
1409 3345 1491 3399 etiam
1505 3345 1584 3400 locos
1597 3365 1695 3402 eorum
1707 3347 1744 3403 ad
1756 3367 1819 3404 ver-

1040 3435 1108 3488 bum
1130 3434 1253 3506 integros
1266 3433 1346 3504 operi
1360 3447 1411 3486 suo
1431 3431 1561 3490 inserere.
1587 3433 1684 3506 Neque
1707 3445 1747 3489 est
1768 3454 1820 3490 cur

1040 3521 1148 3576 idcirco
1170 3519 1300 3592 plagiarii
1320 3529 1416 3574 notam
1436 3517 1554 3574 Nicolao
1570 3521 1722 3576 inuramus.
1743 3521 1820 3577 Nihil

1041 3609 1115 3662 enim
1136 3607 1270 3680 impedit,
1298 3605 1449 3678 quominus
1470 3621 1551 3678 eunt,
1572 3605 1594 3661 si
1618 3625 1676 3662 non
1696 3608 1819 3681 ubique,

1041 3695 1074 3748 ils
1087 3704 1160 3748 certe
1170 3693 1253 3760 locis,
1271 3693 1373 3764 quibus
1387 3693 1520 3764 ipsissima
1530 3693 1616 3748 verba
1630 3695 1752 3748 aliorum
1766 3710 1821 3768 ap-

1042 3783 1150 3854 posuit,
1164 3781 1278 3834 nomina
1293 3788 1440 3834 auctorum
1451 3797 1567 3834 suornm
1581 3779 1740 3853 prodidisse
1762 3793 1821 3836 ata-

1042 3879 1160 3924 tuamus.

1082 3957 1116 4008 ln
1129 3953 1286 4026 posteriore
1300 3951 1393 4023 operis
1406 3961 1502 4023 parte,
1521 3951 1572 4005 ubi
1591 3970 1643 4006 suo
1655 3953 1745 4008 Marte
1759 3970 1821 4008 rem

1042 4042 1173 4098 Nicolaus
1182 4039 1290 4112 agebat,
1300 4055 1357 4110 pra
1366 4040 1462 4092 ceteris
1469 4037 1591 4093 Herodis
1599 4039 1672 4112 regis
1677 4038 1821 4094 historiam

1044 4127 1167 4182 omnium
1176 4125 1314 4178 uberrime
1322 4134 1449 4178 tractasse
1457 4121 1581 4180 ridetur.
1594 4125 1667 4178 llinc
1675 4143 1723 4179 sua
1735 4125 1822 4197 longe

1042 4215 1162 4289 plurima
1172 4213 1293 4266 hauserit
1302 4211 1437 4284 losephus
1450 4209 1531 4284 (Ant.
1545 4211 1571 4268 J.
1584 4211 1633 4268 lib.
1644 4212 1821 4284 xlv-xvt).

1043 4306 1217 4374 Quamquam
1242 4297 1316 4353 haud
1338 4297 1441 4352 latebat
1461 4315 1540 4365 eum,
1564 4307 1645 4352 caute
1665 4298 1822 4352 admodum

1043 4390 1151 4444 Nicolai
1174 4387 1332 4441 narratione
1348 4383 1483 4440 utendum
1501 4403 1576 4458 esse,
1595 4385 1702 4460 qnippe
1723 4387 1772 4458 qui
1793 4387 1823 4439 in

1043 4475 1177 4546 majorem
1200 4473 1316 4527 fautoris
1340 4483 1368 4526 et
1388 4473 1469 4526 sinici
1491 4473 1611 4545 gloriam
1634 4473 1739 4528 scelera
1764 4471 1825 4542 ejus

1044 4564 1089 4618 vel
1101 4562 1274 4617 diminuisset
1288 4560 1331 4614 vel
1345 4559 1472 4628 celasset,
1491 4569 1568 4614 recte
1579 4569 1655 4633 gesta
1667 4559 1752 4614 laude
1766 4560 1823 4612 inr-

1044 4649 1155 4704 modica
1168 4655 1331 4721 prosecutus
1345 4655 1413 4700 esset
1428 4642 1470 4722 (v.
1485 4645 1520 4699 fr.
1535 4644 1571 4718 93
1585 4657 1613 4700 et
1627 4643 1691 4720 85).

1085 4737 1122 4791 ll.
1135 4743 1206 4792 ΒΙΟΣ
1215 4741 1374 4789 Keletron.
1390 4753 1401 4778 τ·
1415 4731 1492 4803 Opus
1502 4749 1568 4786 vere
1578 4749 1636 4786 non
1647 4731 1823 4806 historicum,

1045 4822 1094 4877 sed
1109 4819 1353 4886 declamatorium,
1369 4835 1427 4890 quo
1440 4827 1540 4874 cuncta
1551 4819 1579 4872 in
1593 4819 1672 4872 illurn
1684 4819 1822 4888 eontulit,

1078 4965 1110 5023 (*)
1121 4961 1242 5024 Ejusmodi
1258 4963 1421 5022 excerptorem
1435 4959 1472 5008 rel
1484 4961 1538 5010 lnde
1549 4961 1669 5022 agnoscis,
1681 4963 1746 5024 qnod
1760 4963 1824 5013 iniis

1047 5047 1102 5096 iprae
1115 5049 1129 5083 e
1144 5034 1224 5082 etesia
1242 5033 1318 5082 transit
1328 5069 1335 5094 ,
1346 5045 1375 5081 ne
1387 5032 1475 5080 fortnas
1486 5031 1582 5094 quidem
1595 5034 1721 5084 verborum
1734 5033 1828 5084 ionicas

1048 5103 1134 5164 tetrique
1144 5103 1240 5152 delerit.
