3886 5740
594 321 746 381 anxier}
768 317 1020 382 sruenlnnsts
1046 320 1294 382 FRAGMENTA.

150 455 212 510 dem
226 459 370 528 perspicue
383 455 534 526 loquentem
546 451 636 524 dicat,
651 471 713 524 quse
730 453 800 506 mira
814 453 922 507 eutrici

150 541 297 613 prudentis
305 559 321 596 a
330 557 399 595 vero
408 540 560 595 aberratio.
571 540 661 593 Nemo
671 540 746 594 enim
758 539 788 592 in
797 557 832 594 eo
842 539 921 612 quic·

151 643 235 698 qurum
245 636 349 700 prater
360 627 470 679 manem
481 623 625 698 degeneris
634 626 685 679 aevi
692 625 834 680 rhetorem
841 637 931 696 agno-

150 723 220 782 scet,
235 723 266 768 ut
281 713 384 768 mirum
396 713 431 765 sit
444 713 493 783 qni
506 722 561 766 tans
575 713 694 784 puerilia
708 721 839 780 sectetur,
851 712 924 766 inter

150 816 195 854 res
206 799 307 854 arduas
317 797 456 874 positum.
469 815 568 871 magua
583 799 703 872 gessisse.
720 823 731 846 ι

293 971 343 1024 DE
362 967 523 1024 DEXIPPO
544 966 777 1024 TESTIMONIA.

190 1143 274 1216 Corp.
286 1141 372 1197 lusor.
387 1150 456 1198 tom.
473 1141 503 1209 1,
515 1159 547 1213 p.
562 1140 619 1212 439
629 1181 636 1210 ,
648 1139 685 1194 Νο
699 1137 763 1194 380.
774 1141 923 1213 Inscriptio

151 1229 266 1286 Athenis
277 1237 388 1302 reperta
400 1245 493 1301 prope
506 1227 627 1295 sontem,
639 1227 669 1280 in
680 1226 738 1281 basi
750 1245 923 1296 marmorea,
937 1263 943 1272 ·

152 1333 214 1389 quae
226 1315 295 1370 olim
310 1324 428 1370 statuam
442 1315 609 1368 sustinuerat
624 1313 658 1384 Q.
674 1315 812 1386 Epicteti,
828 1323 925 1387 postea

151 1401 298 1460 sublatam.

191 1485 268 1546 Κατά
282 1486 312 1544 τὸ
326 1483 483 1565 ἐπερώτημα
501 1488 547 1556 τῆς
562 1484 589 1553 ii
603 1484 700 1563 Ἀριίου
723 1485 808 1562 πάγου
830 1488 926 1566 βουλῆς

152 1573 197 1632 καί
210 1578 256 1646 τῆς
270 1575 364 1653 βουλῆς
377 1575 428 1630 τῶν
440 1573 499 1633 ΨΝ
511 1573 556 1631 καλ
565 1575 609 1630 τοῦ
622 1571 705 1648 δήμου
714 1575 765 1630 τῶν
775 1569 926 1650 Ἀθηναίων,

153 1661 195 1719 τὸν
213 1659 327 1738 ἄρξαντα
341 1659 388 1730 τὴν
401 1665 446 1718 τοῦ
463 1657 588 1738 βασιλίως
602 1661 629 1718 δν
644 1659 820 1736 Θισμοθίταις
832 1659 926 1739 ἀρχὴν,

152 1746 197 1806 καί
210 1747 322 1828 ἄρξαντα
336 1745 384 1817 τὴν
395 1745 530 1822 ἱπιίινυμον
545 1743 641 1824 ἀρχὴν,
655 1743 701 1804 καί
712 1745 925 1826 πανηγυριαρχή·

154 1857 237 1892 ταντα
246 1833 291 1892 καί
301 1831 531 1910 ἀγυννοθετήσαντα
540 1835 592 1890 τῶν
598 1832 719 1909 μεγάλων
729 1831 928 1906 Παναθηναίων,

154 1919 251 1978 οἱκοθεν
271 1919 341 1999 ἱιρία
361 1923 482 1994 παναγῆ,
506 1918 623 1978 Πόπλιον
647 1917 776 1998 Ἑρέννιον
800 1918 928 1988 Δέξιππον

154 2007 319 2084 Πτολεμαίου
329 2001 469 2084 Ἕρμιιον,
479 2004 523 2064 τδν
533 2004 628 2085 ῥήτορα
641 2005 686 2063 καλ
695 2005 859 2085 αυγγραρία,
869 2009 928 2084 ἀρτ-

154 2099 199 2166 τῆτ
215 2094 291 2152 ἕνεκα
306 2095 329 2151 οἱ
343 2093 443 2159 παῖδες.

215 2257 282 2319 'airh
291 2257 330 2304 καὶ
343 2253 434 2317 μύθοισι
444 2255 484 2302 καὶ
494 2255 517 2302 ἐν
527 2255 634 2316 βουλαῖσι
642 2254 779 2317 κρατίστους

246 2325 337 2389 Ἄνδρας
347 2324 496 2383 ἀγακλειτοὺς
505 2324 596 2384 γείνατο
606 2325 738 2388 Κικροπίη·

220 2393 266 2445 Ὧν
275 2398 315 2444 ἱνα
326 2396 366 2444 καί
377 2395 501 2454 Δέξιππον,
511 2393 646 2456 ὃςίστυρὶην
658 2394 787 2458 ἱσαθρήσας

248 2466 335 2520 Αίῶνος
345 2465 438 2526 δολιχὴν
448 2464 560 2526 ἀτρεκέως
570 2463 675 2525 Ιφρσοεν.

217 2536 262 2586 Καὶ
269 2536 299 2583 τὰ
309 2535 351 2597 μὶν
360 2535 429 2590 αὐτὸς
441 2533 531 2593 litalde,
542 2535 572 2583 τὰ
583 2535 603 2582 δ’
612 2535 639 2582 ἀνι
649 2535 736 2596 βίάλονν
746 2535 853 2592 ἀναλίξας

212 2647 215 2656 .
247 2607 338 2666 Εὕρατο
345 2605 458 2660 παντοίην
467 2604 568 2668 ἱστορίης
579 2604 689 2667 ἀτραπόν.

217 2673 249 2724 Ἦ
258 2677 318 2735 μέγα
327 2675 414 2730 κλιινδς
426 2673 498 2736 ἀνὴρ,
511 2675 585 2730 δςνοῦ
593 2675 640 2722 ἀπο
652 2673 731 2738 μυρίον
743 2675 809 2738 ὄμμα

248 2741 376 2801 Ἐκτείνας,
386 2743 491 2805 χρονίους
501 2745 594 2806 πρήξιος
604 2744 716 2804 ἐξέμαθεν.

218 2813 289 2874 Φήμη
302 2812 343 2874 μἐν
353 2812 477 2874 περίθωτος
489 2811 524 2860 ἀν’
535 2811 634 2860 Ἐλλάδα
640 2848 648 2872 ,
658 2813 699 2869 τὴν
711 2814 724 2861 d
734 2813 825 2871 ντανθής

248 2884 314 2940 λίνος
327 2883 434 2945 Δεξίππῳ
443 2884 516 2931 tom
528 2882 562 2946 ἐρ’
573 2883 671 2945 ἱστορίη.

217 2954 321 3004 lairere
332 2954 360 3010 δὴ
373 2953 412 3001 καὶ
419 2954 499 3009 παῖδες
507 2953 643 3015 ἀγακλειτὸν
652 2957 761 3016 γινετῆρα

249 3023 386 3086 λὶορρὴιντα
394 3021 457 3072 λίθον
468 3021 704 3084 tumultuationem.

203 3191 213 3213 τι
230 3167 324 3220 Statua
334 3165 393 3219 haec
410 3163 552 3238 superstiti
568 3165 658 3239 posita
674 3163 786 3220 ridetur
799 3165 834 3220 ab
848 3167 934 3240 ipsius

158 3251 238 3320 filiis,
256 3269 316 3306 uon
336 3269 352 3305 a
369 3253 465 3325 pueris
483 3253 598 3326 Atticis,
614 3262 646 3306 ut
664 3261 724 3306 erat
740 3253 788 3324 qui
811 3263 931 3326 putaret.

160 3337 231 3394 lliuc
243 3355 272 3394 κ.
289 3357 320 3394 ιι
338 3357 345 3394 ι
357 3337 446 3402 παῖδες
460 3335 613 3414 ἀγακλειτὸν
623 3341 760 3415 γοντα-ἠ’ρα.
772 3341 836 3394 Dux
852 3357 934 3396 erer-

160 3429 230 3482 citus
240 3427 321 3481 fuisse
331 3428 359 3480 in
369 3427 423 3481 hoc
434 3429 516 3481 titulo
531 3445 589 3481 non
599 3425 712 3495 dicitur,
724 3429 789 3482 licet
798 3429 827 3481 in
837 3429 933 3505 priore

159 3527 239 3587 parte
253 3514 312 3586 ejus
327 3513 450 3568 honores
466 3525 594 3570 accurate
609 3525 808 3570 enumerentur
825 3533 832 3570 :
848 3515 934 3590 igitur
1002 3537 1010 3560 r

160 3601 205 3656 hic
220 3601 314 3655 titulus
328 3599 376 3656 illo
393 3619 467 3656 anno
480 3599 592 3656 videtur
603 3601 739 3656 vetustior
753 3621 822 3672 esse,
835 3615 934 3659 contra

162 3705 246 3762 quam
256 3689 372 3744 Corsino
383 3689 471 3743 visum
482 3699 532 3746 est.
546 3689 662 3744 Senatus
672 3707 747 3744 nunc
757 3702 797 3744 est
806 3690 933 3746 virorum

161 3775 271 3842 DCCL,
290 3774 370 3848 quod
388 3794 493 3829 novum
512 3794 627 3850 prorsus
644 3794 651 3834 :
668 3777 752 3832 lectio
772 3786 864 3832 tamen
884 3797 934 3834 vc-

162 3863 324 3920 rissimaest.
338 3861 403 3917 Post
414 3861 579 3930 Claudiurn,
592 3871 684 3936 atque,
693 3872 725 3918 ut
736 3881 789 3936 ego
799 3861 933 3934 arbitror,

162 3949 276 4004 iudeab
298 3947 458 4016 Hadriano,
479 3949 610 4002 institutis
632 3947 765 4004 tredecim
788 3949 933 4018 tribubus,

162 4045 271 4092 senatus
286 4033 322 4090 ad
335 4036 483 4108 pristinum
494 4037 519 4088 D
533 4051 694 4105 numerum,
713 4035 816 4090 additis
840 4039 936 4110 paucis

163 4131 297 4196 praeterea
307 4123 386 4186 aliis,
405 4121 535 4176 redactus
548 4133 602 4188 est,
616 4120 696 4193 quod
709 4121 790 4174 multi
802 4131 936 4176 testantur

164 4213 253 4280 tituli,
267 4221 294 4266 ct
305 4229 339 4265 ex
355 4210 488 4264 Pausania
501 4227 615 4281 quoque
628 4209 768 4282 colligitur
780 4209 819 4282 (Ι,
833 4209 861 4278 3,
876 4215 891 4273 l
904 4206 912 4283 l
927 4227 935 4264 ε

163 4307 259 4372 postea
273 4315 324 4353 cur
338 4309 435 4351 auctus
449 4297 484 4350 sit
497 4313 646 4368 numerus,
658 4297 804 4352 nescimus.
818 4327 857 4337 -
870 4295 937 4350 Mox

164 4383 283 4440 formula
294 4379 443 4460 sipiares...
458 4379 541 4460 ἀρχὴν
554 4381 637 4438 docet
648 4383 807 4437 universum
819 4383 938 4439 archon·

165 4483 226 4527 tum
240 4471 389 4544 collegium
404 4471 650 4526 thesmothetarum
661 4470 774 4525 nomine
785 4471 889 4526 venisse
906 4488 938 4524 ea

166 4569 254 4616 ¹atate.
267 4587 298 4598 -
312 4559 469 4613 llerennius
482 4556 682 4612 hereditarium
693 4555 880 4612 sacerdotium
894 4555 939 4612 ha·

165 4647 247 4714 buit,
262 4644 341 4717 quod
354 4663 387 4700 ex
401 4645 537 4717 Corycum
551 4655 633 4718 gente
645 4643 707 4700 fuit.
723 4643 765 4700 cf.
779 4645 821 4698 De
835 4645 940 4700 Heren-

167 4733 219 4788 niis
231 4733 269 4788 tt⁰
284 4750 351 4804 190,
363 4741 391 4786 et
404 4741 471 4786 nota
484 4733 521 4787 N⁰
538 4729 594 4788 353
619 4731 791 4786 Herennium
811 4731 939 4786 hieroce-

246 4895 315 4952 RES
336 4895 604 4954 SUCCESSORUM
625 4894 856 4954 stnxauoat.

545 5003 567 5050 1.

202 5075 287 5123 lterum
300 5079 351 5136 post
368 5075 528 5125 Alexandrum
543 5079 662 5136 gestarunt
675 5075 834 5125 narrationem
852 5075 938 5135 Dexip·

1684 333 1743 382 tor

970 469 1064 525 rycem
1084 470 1141 508 esse
1158 448 1297 528 Ἓρμειυν,
1313 461 1344 506 ιιι
1359 459 1453 507 noster
1467 453 1612 526 Dexippus
1625 462 1666 507 est
1678 447 1745 528 Ἔρ·

970 559 1050 612 μειος.
1060 539 1277 595 Deversibuscl'.
1286 539 1398 594 Jacobs.
1407 541 1436 594 in
1444 539 1590 595 Animadv.
1598 539 1634 594 ad
1643 551 1748 594 utram·

970 643 1026 698 que
1038 627 1213 702 Anthologlse
1229 625 1391 682 editionem.
1404 650 1416 676 ι
1432 628 1554 683 amem.

1010 713 1109 770 Suidas
1126 730 1134 770 τ
1152 709 1456 788 altimontensis,
1470 715 1484 768 ὁ
1498 709 1629 789 Ἐρίννιος
1641 733 1748 790 χρημα-

970 798 1056 870 τίσας,
1071 797 1203 870 Ἀθηναῖος
1219 798 1323 878 ῥήτωρ,
1334 796 1445 874 γεγονὼς
1463 795 1507 862 tat
1527 800 1687 877 Bulspturcii
1702 794 1748 855 καί

971 887 1116 955 Γαλλιηνοῦ
1126 885 1171 944 καὶ
1180 885 1311 944 Κλαυδίου
1323 883 1441 964 δευτέρου
1451 883 1496 946 καί
1506 885 1685 964 Δθρηλιανοῦ,
1695 885 1748 942 τῶν

971 969 1099 1048 βασιλέων
1117 969 1269 1048 Ῥωμαίων.

1008 1061 1164 1116 Trebellius
1180 1062 1211 1116 in
1231 1061 1351 1118 Gallien.
1369 1079 1394 1116 c.
1415 1059 1476 1118 οδε
1503 1059 1599 1114 Gottlsi
1615 1060 1747 1130 Cyzicum

969 1160 997 1202 et
1011 1149 1123 1214 Asiam,
1144 1149 1272 1221 deiteceps
1287 1146 1426 1204 Achaiam
1440 1163 1547 1202 omnem
1565 1159 1711 1202 ausimum
1724 1159 1753 1202 et

969 1237 1006 1289 ab
1027 1234 1242 1290 Atheniensibus
1253 1236 1322 1290 duce
1340 1235 1485 1307 Dexippo,
1503 1241 1633 1308 scriptore
1654 1234 1751 1290 borum

970 1334 1125 1394 temporum,
1142 1326 1290 1378 virtisunt.

1012 1409 1139 1462 Paorrus
1153 1407 1218 1462 cod.
1233 1405 1270 1460 82
1288 1402 1468 1480 ε’λνιγνώσθη
1490 1401 1622 1472 Δεξίππου
1635 1403 1669 1461 τά
1684 1402 1751 1480 μετὰ

973 1489 1147 1570 Ἀλέξανδρον,
1160 1494 1187 1550 lv
1199 1491 1284 1567 λόγους
1300 1489 1449 1569 τίσααρσιν.
1463 1489 1622 1567 ’ἀνεγνώσθη
1637 1488 1664 1548 δὲ
1674 1491 1752 1548 αὐτοῦ

973 1577 1018 1636 καὶ
1041 1579 1127 1657 ἕτερον
1149 1575 1274 1653 σύντομον
1289 1577 1431 1655 ἱστορικὸν,
1456 1575 1534 1656 μέχρι
1553 1580 1600 1646 τῆς
1620 1574 1752 1636 Κλαυδίου

975 1663 1111 1743 θπιτρέχον
1124 1666 1170 1730 τάς
1188 1662 1373 1744 κιραλαιώδιις
1394 1661 1498 1742 πράξεις
1523 1661 1667 1740 βασιλείας.
1687 1662 1753 1722 ’Δνε-

974 1749 1076 1826 γνώσθη
1089 1750 1116 1808 δὶ
1129 1752 1208 1810 αὐτοῦ
1222 1750 1267 1810 καὶ
1280 1748 1313 1808 rh
1328 1747 1462 1819 Σκυθικά,
1478 1751 1505 1807 ἐν
1518 1739 1555 1815 οἷς
1569 1749 1596 1806 αί
1612 1747 1752 1822 Ῥωμαίων

975 1839 1047 1917 αὐτῷ
1058 1837 1104 1896 καλ
1121 1839 1228 1896 Σκυθῶν
1243 1834 1436 1916 ἀναγράφονται
1448 1833 1512 1914 πρὸς
1526 1833 1654 1904 ἀλλήλους
1666 1833 1753 1912 μάχαι

974 1947 1003 1982 τι
1019 1923 1064 1983 καὶ
1078 1921 1207 2000 ἀξιόλογοι
1225 1921 1342 2004 πράξεις.
1385 1919 1465 1982 Ἔστι
1477 1919 1503 1980 δλ
1520 1919 1566 1992 τλν
1580 1920 1673 2000 ρράοιν
1689 1919 1754 1978 ἀπί-

976 2009 1058 2090 ριττάς
1069 2033 1097 2068 τι
1108 2009 1154 2069 καί
1172 2007 1243 2090 ἀγκιρ
1258 2009 1304 2068 καλ
1318 2007 1448 2088 ἀξιώματι
1463 2006 1576 2086 Ιγαίριιιν,
1593 2007 1638 2064 καί
1654 2008 1707 2080 (ὡς
1721 2005 1753 2064 ἄν

976 2120 1016 2163 τις
1037 2095 1123 2176 ιίποι)
1140 2095 1217 2162 άλλος
1232 2095 1299 2172 μετά
1321 2117 1389 2161 τινος
1411 2093 1551 2172 σαρηνείας
1573 2091 1754 2169 Θουκυκίδης,

976 2183 1092 2259 μάλιστά
1107 2187 1172 2260 γεέν
1191 2191 1247 2250 ταῖς
1262 2184 1402 2247 Σκυθικαίς
1420 2179 1553 2259 ἱστορίαις.

1016 2275 1198 2328 Diversarum
1219 2273 1432 2346 Dexippornm,
1453 2271 1631 2346 arridetur,
1652 2271 1754 2345 scripta

977 2359 1127 2416 confundit
1140 2361 1251 2415 Tnetzes
1261 2359 1332 2416 chit.
1343 2359 1396 2428 IX,
1411 2363 1467 2428 ²74
1485 2377 1492 2412 :

1037 2513 1149 2570 Δὶῑιππος
1159 2514 1172 2562 δ
1181 2513 1312 2576 φιλόσοφος,
1324 2487 1411 2574 μύστης
1421 2511 1454 2560 ὢν
1463 2509 1598 2574 ’ἱαμδλὶχου

1036 2585 1112 2632 πολλὰ
1122 2583 1163 2646 μὲν
1172 2581 1333 2647 συνεγράψατσ
1345 2582 1384 2630 καί
1397 2583 1462 2643 lupa
1472 2581 1565 2644 βιάλία,

1038 2653 1114 2715 ἀντῷ
1123 2653 1270 2715 tulisti-axos
1278 2655 1312 2714 τῷ
1319 2653 1351 2706 αἱς
1366 2651 1524 2712 Κατηγορὶας·

1039 2723 1124 2784 ίγραψε
1131 2723 1156 2770 dl
1167 2724 1207 2770 καὶ
1216 2722 1335 2782 Σκυθικά,
1348 2723 1363 2769 ἀ
1373 2723 1441 2784 με’χρι
1450 2725 1490 2768 νῦν
1500 2721 1544 2770 οὐκ
1554 2721 1623 2780 σὶδα,

1040 2793 1079 2840 καὶ
1090 2793 1155 2855 ἔτερα
1164 2794 1196 2848 ὠς
1207 2793 1301 2856 ιίρηκα·
1312 2791 1382 2854 μόνον
1391 2791 1449 2839 τὸὲν
1461 2791 1481 2839 δ’
1493 2790 1602 2852 ἀνέγνων.

1015 2929 1056 2988 Cf.
1070 2929 1159 2986 Maius
1168 2930 1197 2984 in
1209 2927 1325 2988 Collect.
1336 2929 1409 2985 Nor.
1423 2921 1511 2983 Vatic.
1526 2937 1593 2983 torn.
1605 2927 1643 2996 ll,
1654 2945 1683 3002 p.
1700 2925 1757 2991 tao

977 3027 1038 3075 not.

1017 3104 1161 3177 Eunapius
1173 3105 1203 3160 in
1217 3105 1272 3162 vir.
1287 3101 1439 3175 Porphyrii
1453 3099 1505 3155 sub
1519 3099 1569 3158 iiu.
1588 3119 1595 3154 ι
1611 3093 1681 3162 Τοὺς
1690 3095 1756 3176 ypi-

978 3211 1036 3255 νους
1048 3189 1110 3266 (ποθ
1123 3185 1271 3268 Πορφυρίσυ
1282 3185 1339 3266 βίου
1354 3183 1363 3266 )
1377 3187 1402 3252 ἀς
1414 3183 1559 3256 Ιάλλιηνδν
1570 3182 1614 3242 καί
1627 3181 1758 3242 Κλαύδιον

979 3277 1089 3344 εἰκάζειν
1103 3274 1262 3346 συνίθαινεν,
1277 3273 1392 3336 Τάκιτόν
1412 3297 1441 3332 τι
1460 3271 1505 3332 καλ
1525 3269 1689 3344 Αθρηλιανδν
1712 3267 1758 3328 καλ

981 3363 1099 3443 Πράὸον·
1116 3363 1173 3422 καθ’
1190 3361 1233 3430 οθς
1254 3351 1287 3435 ἦν
1307 3359 1352 3420 καί
1375 3359 1504 3430 Δίξιττπος
1525 3361 1539 3418 δ
1559 3357 1606 3430 rhu
1629 3352 1758 3438 Χρονικὴν

978 3449 1093 3530 ἱστορίαν
1106 3449 1275 3532 συγγράψας,
1289 3446 1354 3528 ἀνὴρ
1367 3447 1472 3520 ἁπάσης
1484 3444 1602 3511 παιδείας
1614 3467 1642 3502 τι
1654 3447 1699 3504 ιιαὶ
1711 3445 1756 3501 δυ-

978 3561 1080 3614 ναμαυις
1093 3539 1199 3616 λογικῆς
1212 3537 1358 3602 ἀνάπλεως.

1018 3627 1139 3704 Ευιιαρὶἰ
1153 3631 1196 3684 De
1215 3627 1362 3684 chronicis
1380 3625 1502 3699 Dexippi
1523 3625 1618 3680 locum
1645 3619 1710 3678 vido
1730 3621 1760 3676 in

979 3715 1149 3791 fragmentis.

1289 3907 1447 3934 -οοοο--ι

1038 4043 1110 4120 TA
1144 4043 1292 4123 ΜΕΤΑ
1328 4032 1706 4118 ΑΛΕΞΑΝΔΡΟΝ.

1023 4383 1138 4438 Photius
1155 4381 1220 4440 cod.
1238 4381 1274 4436 8ο
1290 4401 1297 4436 ι
1316 4374 1440 4456 ’λρχιται
1457 4375 1484 4434 δὲ
1499 4377 1556 4454 (se.
1570 4373 1716 4452 Δέξιππος)
1733 4375 1761 4434 ir

983 4475 1035 4534 τοῖς
1047 4465 1115 4542 perit
1130 4463 1295 4543 Ἀλέξανδρον
1310 4465 1356 4522 ἀπ’
1367 4465 1447 4536 αὐτῆς
1461 4467 1507 4534 τῆς
1518 4468 1562 4520 τοῦ
1578 4461 1703 4542 βασιλίως
1714 4483 1758 4518 τε4

983 4556 1093 4624 λιυτῆς,
1107 4554 1152 4612 καί
1164 4551 1283 4620 διέξεισιν
1295 4550 1364 4618 ὅπως
1375 4553 1411 4618 εἱς
1422 4551 1466 4608 τὸν
1476 4548 1585 4628 ἀδιλρθν
1595 4547 1762 4624 Ἀλιξάνδρου

986 4641 1029 4699 τὸν
1053 4639 1194 4719 Ἀριδαῖον,
1207 4639 1233 4705 ὃς
1247 4632 1279 4712 δν
1296 4641 1327 4698 itt
1348 4639 1459 4710 Φιλίνης
1475 4641 1521 4708 τῆς
1543 4633 1706 4716 Λαρισσαίας
1723 4631 1761 4712 τῷ

984 4728 1112 4808 Φιλίππῳ
1125 4727 1310 4805 γτγινημίνος,
1330 4730 1347 4797 ἡ
1370 4729 1421 4784 τῶν
1440 4723 1597 4786 Μακεδόνων
1619 4721 1687 4802 ἀρχὴ
1709 4743 1760 4778 ns-

986 4905 1032 4953 μοι
1042 4892 1134 4954 abipso
1143 4892 1204 4954 ιαςίε
1214 4905 1313 4941 excessu
1326 4891 1438 4950 ίιισὶιυεὶς
1450 4889 1569 4951 mutuae
1583 4886 1647 4936 atad
1661 4887 1761 4935 nterea·

985 4980 1022 5027 dri
1042 4980 1139 5028 tratrem
1152 4979 1272 5028 arideum
1290 4979 1346 5040 (qui
1362 4991 1390 5026 es
1410 4977 1501 5026 Philtoe
1515 4976 1630 5026 hortuna
1652 4973 1762 5035 Philippo

987 5069 1058 5115 natus
1072 5067 1163 5124 ἱιιιυοὶ)
1184 5063 1340 5114 Macedonum
1354 5077 1452 5124 regnum
1471 5063 1608 5120 devenerim
1628 5059 1657 5110 ad
1677 5061 1761 5116 illum,
