3974 5732
844 335 1086 396 FRAGMENTA,
1707 343 1763 392 toti

212 467 405 534 Timochares,
431 470 531 540 quiDe
555 469 637 522 rebus
660 468 791 522 Antiochi
813 469 942 540 scripsit,
990 467 1114 534 dacorum
1129 467 1255 520 inunum
1270 465 1411 540 redigere,
1432 466 1461 521 id
1477 465 1557 539 quod
1572 467 1764 520 lihrouomen
1819 475 1823 482 ’

169 557 284 612 aliunde
302 557 369 610 mihi
390 574 449 610 non
462 567 545 610 nonu
560 567 609 613 est.
627 557 756 612 Diversus
768 555 844 610 haud
859 555 945 610 dubie
991 555 1171 626 polyhistoris
1183 571 1241 626 prae
1262 569 1291 608 se
1311 552 1416 607 terente
1430 553 1549 620 lectiam,
1564 552 1654 607 ludaei
1671 569 1764 624 neque

171 643 224 698 suit
234 644 271 699 ab
285 643 450 698 Timochare
464 653 627 698 astronomo
639 640 741 716 (schol.
761 647 839 697 Arai.
854 643 944 696 Pliaen.
990 641 1078 696 Graeci
1099 641 1220 694 hominis
1239 651 1287 695 est.
1309 642 1407 712 Neque
1421 642 1540 709 mirum,
1564 641 1763 714 compilantcm

171 731 230 803 269
238 727 257 804 i,
268 730 304 786 de
316 747 375 803 quo
387 729 453 784 ride
461 730 576 788 Srhoell.
597 729 695 785 Gesclr.
707 731 736 784 d.
755 731 802 788 Gr.
818 732 888 796 lie,
902 731 944 800 11,
991 729 1072 782 istum
1084 728 1227 782 hominem
1238 727 1358 781 historiae
1369 745 1425 782 suae
1438 727 1590 782 Alexandri
1605 727 1763 799 Polyhisto-

169 835 203 890 p.
215 823 284 882 aii.

214 902 381 978 Theophilus
393 922 462 958 num
479 905 548 958 issit
561 905 609 977 qui
629 901 762 972 Ἰταλιαίι,
776 903 945 970 Πελοποννη-

171 988 265 1062 sind,
281 987 403 1054 Σικελίας
419 989 582 1066 περιήγησιν,
598 991 651 1046 alia
664 991 773 1064 scripsit
794 989 875 1065 (vide
893 1007 945 1044 au-

170 1092 263 1135 ctores
276 1079 364 1134 aetatis
378 1080 490 1134 incerta
498 1079 523 1150 i,
534 1095 594 1132 non
605 1077 743 1152 dijudico.

208 1167 304 1238 Syriae
316 1183 467 1220 mensorem
481 1165 607 1238 intelligo
620 1164 848 1238 Xenophontem,
862 1181 945 1237 quem

170 1257 230 1327 ipse
243 1251 403 1309 Alexander
415 1249 500 1328 (ssepi
514 1248 627 1329 Συρίας)
642 1252 739 1308 laudat
750 1251 786 1308 fr.
803 1271 852 1325 97.
866 1254 946 1306 Eun-

171 1341 237 1396 dem
251 1357 309 1395 esse
319 1350 411 1395 statuo
430 1357 495 1394 cum
509 1339 702 1411 Xenophonte
714 1341 905 1411 Lampsaceno
918 1350 947 1393 et

173 1429 278 1501 Pru-ipli¹
287 1437 417 1496 auctore,
433 1425 512 1498 cujus
521 1426 649 1480 meminit
662 1426 768 1480 Plinius
781 1423 825 1500 (¹).

210 1515 342 1571 Ceterum
352 1523 416 1568 sunt
430 1514 480 1586 qui
489 1512 652 1568 Judaeorum
663 1513 815 1568 Historiam
827 1513 947 1567 Alexan-

171 1602 227 1658 dro
254 1599 470 1674 abjudicandam
489 1617 560 1654 *esse
584 1609 721 1655 censeant.
743 1599 947 1673 Arghrmenturn

170 1689 213 1743 rei
236 1686 372 1742 idoneum
393 1705 452 1740 non
474 1686 670 1758 protulerunt,
690 1686 743 1739 nisi
767 1685 841 1740 sorte
864 1703 946 1758 argu·

170 1774 259 1828 menti
272 1774 394 1846 speciem
406 1772 512 1827 habere
532 1781 613 1844 putes
627 1789 689 1842 quae
701 1771 849 1845 Rumpiius
867 1771 948 1827 aliert

169 1879 202 1934 p.
225 1859 263 1916 25
282 1881 290 1916 ς
316 1859 490 1932 «Ejusmodi
511 1860 728 1915 commentarios
744 1857 780 1914 do
795 1859 879 1914 rebus
894 1861 947 1914 lu-

169 2031 196 2080 d's
207 2031 270 2080 nard
286 2031 422 2092 θυομένοισι
438 2029 490 2092 περί
501 2045 526 2078 τε
542 2032 585 2078 τοῦ
596 2029 793 2092 νομοθετήσαντος
811 2032 866 2092 ἡμῖν
879 2032 948 2080 Moti·

170 2103 232 2158 σε’ως
251 2103 354 2165 καὶπερὶ
370 2105 418 2150 τῶν
434 2101 512 2162 νόμιον
526 2099 662 2156 πεποίηνται
679 2099 760 2160 λόγους
777 2101 830 2150 οὔτε
847 2101 949 2156 δικαίους
963 2167 967 2174 Ι

170 2173 225 2220 οὔτε
234 2173 339 2231 ἀληθεῖς,
355 2171 395 2220 τὸν
405 2171 446 2237 μὶν
458 2174 490 2227 ὡς
502 2171 576 2231 γόητα
589 2171 630 2218 καί
640 2169 764 2218 ἀπατεῶνα
776 2170 948 2232 διαὸοίλλοντες,

170 2240 225 2296 τοὺς
234 2241 318 2304 νόμους
332 2239 357 2290 di
365 2239 451 2296 ααιιίας
460 2240 564 2302 ἡμῖνκαὶ
574 2239 681 2302 οὐδεμιᾶς
691 2239 772 2301 ἀρετῆς
781 2239 906 2303 φάσκοντες
916 2243 949 2291 el·

170 2325 210 2370 νας
219 2309 401 2366 διδασκάλους...
411 2309 460 2366 Τὴν
471 2308 611 2370 κατηγορίαν
623 2309 636 2356 d
646 2307 793 2366 Ἀπολλώνιος
803 2311 847 2360 σὺν
854 2311 949 2376 ἀθρόαν,

171 2381 254 2442 ὥσπερ
263 2379 375 2432 diriora,
382 2378 458 2434 ἔταξεν
466 2378 524 2426 ἀλλὰ
533 2377 651 2440 σποράδην
659 2379 699 2425 καὶ
708 2379 747 2427 διὰ
755 2378 833 2438 πάσης
845 2387 886 2440 τῆς
894 2399 951 2443 συγ-

171 2455 270 2512 γραφῆς.
283 2450 344 2498 llari
356 2449 397 2512 μὲν
406 2451 438 2504 ὡς
448 2449 527 2504 ἀθέους
539 2448 578 2496 nal
591 2447 769 2509 μισανθρώπους
779 2451 885 2514 λοιδορεῖ,
893 2453 950 2502 ποτὲ

172 2518 193 2566 δ’
204 2517 234 2566 αὖ
242 2518 327 2568 δειλίαν
334 2521 390 2580 ἡμῖν
399 2518 516 2574 ὀνειδίζει·
530 2519 569 2565 ael
581 2517 709 2580 τοῦμπαλιν
721 2519 784 2568 ἔστιν
793 2521 852 2570 &nou
862 2521 949 2584 τόλμαν

171 2593 298 2651 ιιατηγορεῖ
307 2591 348 2638 nai
359 2589 480 2638 ἀπόνοιαν.
491 2589 560 2648 Λέγει
575 2588 599 2636 st
615 2587 654 2636 ναὶ
669 2588 823 2650 ἀρυεοτοίτους
833 2590 892 2640 εἶναι
903 2597 949 2640 τῶν

172 2659 305 2722 βαροιίρων·
322 2659 363 2708 sat
375 2660 414 2708 διὰ
426 2663 495 2707 τοῦτο
513 2659 583 2720 μηδὲν
600 2659 632 2714 εἰς
643 2659 682 2708 τὸν
695 2659 746 2720 βίον
762 2660 850 2722 εὕρημα
861 2663 949 2723 συμΰε-

171 2729 272 2788 sinan
282 2727 374 2791 μόνους.
387 2731 448 2786 Quae
459 2728 528 2788 longa
540 2727 699 2789 disputatione
714 2729 832 2790 iosephus
844 2731 951 2781 refellere

171 2797 262 2848 studet.
272 2824 304 2834 -
313 2802 362 2858 tt‚7
374 2811 380 2845 :
390 2797 606 2848 rerumrerum
615 2800 694 2847 ettam
702 2809 751 2852 eos,
761 2801 806 2860 qni
814 2799 950 2866 etiipioni)

171 2867 321 2929 huiusmodi
330 2865 441 2926 (iudaea
449 2865 589 2926 accusandi)
594 2865 713 2928 fomitem
721 2868 864 2929 prebuere,
877 2873 950 2920 Posi·

172 2935 282 2984 doniam
298 2939 323 2985 et
340 2935 503 2998 Apollonium
521 2934 648 2985 Molonem
666 2951 675 2985 .·
695 2939 817 2998 quoniam
827 2943 951 2990 manant

990 815 1028 868 ris
1042 831 1146 868 nomen
1159 813 1342 886 inscripsisse,
1357 815 1462 886 quippe
1477 814 1526 886 qui
1539 813 1765 889 diligentissimus

991 900 1162 972 antiquitatis
1180 900 1399 972 mythorumque
1412 900 1483 955 Asiae
1502 901 1618 954 minoris
1635 911 1663 954 et
1678 900 1764 972 Syrias

991 987 1170 1060 investigator
1190 1005 1225 1042 eo
1249 997 1376 1060 tempore
1400 987 1560 1045 haberetur.
1582 989 1675 1058 Quum
1695 1003 1764 1042 vero

991 1073 1139 1128 Christiani
1158 1075 1309 1147 scriptores
1330 1074 1493 1146 posterioris
1507 1075 1593 1128 aetatis
1613 1091 1673 1128 rem
1687 1089 1764 1129 suam

990 1177 1164 1233 paganorum
1172 1161 1336 1215 testimoniis
1343 1157 1564 1214 confirmandam
1571 1177 1627 1216 esse
1634 1171 1765 1234 putarent

991 1263 1083 1317 eoque
1102 1247 1132 1300 in
1145 1246 1238 1302 studio
1256 1247 1382 1302 criticam
1396 1257 1484 1302 artem
1497 1265 1613 1319 prorsus
1633 1245 1764 1320 neglige-

991 1343 1068 1400 rent,
1081 1351 1133 1388 nec
1149 1333 1284 1389 Eusebius
1299 1334 1375 1388 illam
1393 1331 1521 1388 haudem
1538 1332 1672 1388 detexisse
1683 1331 1764 1388 ride-

992 1427 1047 1474 tur.
1061 1443 1072 1468 ν
1084 1421 1149 1474 Haec
1159 1420 1215 1478 ille.
1229 1419 1366 1474 Videlicet
1378 1429 1485 1473 constat
1498 1421 1647 1492 scriptores
1657 1419 1767 1475 Graecos

992 1505 1128 1577 usquead
1142 1504 1292 1562 Alexandri
1303 1517 1432 1579 tempora
1438 1505 1601 1562 ludaeorum
1607 1507 1654 1560 rix
1662 1523 1765 1562 nomen
1801 1517 1804 1520 '

991 1593 1154 1665 protulisse,
1168 1594 1313 1650 historiam
1325 1593 1442 1648 omnino
1453 1611 1513 1648 non
1524 1611 1642 1648 curasse.
1654 1590 1718 1648 lloc
1729 1593 1767 1650 ad

993 1696 1089 1734 onrnes
1102 1682 1241 1752 sequentis
1253 1681 1304 1734 eri
1312 1681 1473 1749 historicos,
1490 1680 1539 1753 qui
1552 1679 1640 1736 Graeci
1652 1679 1768 1734 natione

992 1764 1108 1835 facerint,
1119 1765 1297 1824 transierunt.
1310 1767 1338 1826 Si
1350 1785 1412 1839 quae
1423 1767 1535 1821 obstare
1547 1766 1613 1820 huic
1627 1767 1768 1821 sententias

991 1852 1134 1922 ridentur,
1150 1871 1183 1908 ea
1202 1853 1307 1908 indicta
1322 1871 1402 1908 causa
1424 1853 1615 1908 condemnant
1633 1863 1662 1907 et
1678 1853 1768 1908 verbo

992 1949 1147 2010 removent,
1153 1937 1286 2014 figmenta
1296 1939 1420 1995 dicentes
1427 1941 1478 1994 aevi
1485 1937 1574 1993 infimi
1582 1939 1768 2011 virorumque

994 2027 1191 2096 obscurorum,
1202 2028 1251 2099 qui
1263 2027 1365 2083 Graecis
1376 2026 1538 2082 nourinibus
1548 2027 1626 2082 abusi
1636 2028 1692 2082 suis
1702 2045 1767 2082 suo·

993 2131 1113 2187 rumque
1123 2112 1280 2169 comniodis
1289 2115 1434 2169 consulere
1442 2114 1604 2168 voluissent.
1615 2113 1700 2186 Quod
1710 2133 1769 2186 quo

994 2199 1102 2258 linnius
1111 2202 1209 2256 animis
1219 2203 1374 2258 mtdtororn
1388 2203 1518 2269 inhaeret,
1532 2211 1609 2257 tanto
1622 2213 1662 2257 est
1675 2203 1771 2257 absum

995 2287 1058 2344 dius
1071 2299 1099 2344 et
1109 2291 1140 2344 in
1151 2289 1296 2346 literarum
1310 2289 1455 2344 historiam
1469 2299 1546 2344 recte
1560 2288 1770 2362 intelligendam

995 2376 1187 2450 perniciosius.
1209 2375 1295 2448 Quod
1317 2375 1403 2430 insius
1425 2393 1567 2449 exponere
1587 2393 1646 2430 non
1661 2375 1708 2430 hic
1730 2387 1771 2432 est

995 2465 1086 2524 locus.
1834 2509 1841 2514 .

1034 2554 1068 2608 In
1079 2553 1240 2626 Babybniis
1252 2552 1309 2607 sire
1321 2550 1464 2610 cinuoen
1477 2551 1600 2606 historiis
1613 2549 1771 2607 Alexander

994 2657 1052 2712 pra
1065 2641 1164 2696 ceteris
1178 2641 1311 2696 Beretum
1323 2639 1482 2712 exscripsit,
1495 2636 1574 2709 cujus
1588 2638 1680 2711 ampla
1693 2637 1769 2712 liug-

996 2737 1090 2784 menta
1103 2726 1196 2782 eidem
1210 2726 1344 2784 debemus
1357 2725 1493 2793 Eusebio,
1509 2725 1558 2798 qui
1571 2723 1689 2780 Judaiea
1711 2741 1772 2780 ser-

996 2813 1082 2868 varit.
1098 2813 1230 2870 Cetertuu
1245 2811 1336 2868 videri
1346 2809 1600 2884 possitAlexauder
1609 2827 1668 2864 non
1681 2811 1773 2882 ipsum

995 2901 1129 2956 Berosum
1145 2900 1182 2956 ob
1197 2900 1296 2954 oculos
1309 2898 1450 2966 habuisse,
1464 2896 1514 2952 sed
1530 2914 1579 2952 sua
1595 2914 1631 2952 ex
1651 2897 1773 2969 Apollo-

172 3004 280 3068 quidem
289 3017 347 3060 aas,
356 3017 439 3068 quare
449 3017 494 3054 nos
505 3003 605 3054 eosdem
615 3004 673 3054 deos
686 3005 819 3055 curn-aliis
830 3020 880 3058 non
893 3011 950 3058 reti·
997 2988 1062 3042 ‘1⁰¹4
1075 2988 1149 3044 libri*
1162 2989 1258 3044 11080ῑο
1271 3005 1329 3062 (1ΰο
1346 2985 1527 3058 θῑὸὓΐῑΡὸῑδδθ·
1544 2984 1655 3041 Etenim
1669 2985 1700 3038 in
1713 2985 1772 3040 Eu·

171 3087 239 3124 enus.
252 3077 408 3124 Meniientes
429 3076 518 3124 autem
529 3077 644 3136 pariter,
666 3077 692 3124 et
706 3073 737 3124 de
751 3078 838 3125 nostro
858 3080 961 3142 templo
995 3076 1072 3132 sebio
1088 3076 1205 3134 Armen.
1218 3093 1248 3151 p.
1265 3073 1282 3130 5
1297 3074 1351 3150 (ir.
1367 3072 1383 3128 h
1398 3071 1509 3146 Berosi)
1526 3072 1628 3146 legitur
1640 3073 1679 3128 ita
1692 3089 1698 3126 :
1711 3073 1773 3128 Hac

172 3143 347 3226 ‘’immm-
355 3145 531 3224 ⁰⁰ml⁰²²⁶²²²⁶³
541 3145 705 3224 ‘mimi’
714 3149 951 3229 ”⁰“³⁶,P}‘²¹¹'²‚⁸¹'3¹'
996 3182 1063 3220 vem
1082 3167 1193 3220 ratione
1205 3165 1392 3218 narrationem
1406 3160 1549 3213 exorditur
1561 3156 1730 3234 (Berosus),
1743 3169 1774 3214 ut

170 3226 216 3275 pre
228 3225 313 3274 ορετε.
327 3215 458 3276 (sequitur
469 3227 499 3263 ex
511 3219 602 3275 Aprone
612 3213 711 3262 historia
721 3213 752 3263 de
766 3227 826 3264 astur
836 3220 914 3278 eapite
926 3232 951 3267 ιιι

107 3303 110 3313 ·
171 3283 382 3345 immunitates.)
395 3313 425 3326 -
435 3287 495 3345 ll,²
508 3303 514 3332 ι
527 3284 612 3332 Μόλων
622 3283 646 3332 δὲ
657 3285 697 3332 καί
706 3285 770 3333 ἄλλοι
780 3286 853 3348 τινὲς,
866 3291 897 3342 ὠς
909 3289 951 3336 αὐ·

171 3359 221 3410 τοῖς
231 3355 315 3413 inter,
323 3353 353 3403 de
362 3355 471 3416 tempore
479 3353 559 3404 exitus
568 3351 626 3403 iud.
636 3356 781 3403 statuerunt.

996 3251 1178 3324 Apollodorus
1189 3253 1241 3308 air.
1255 3249 1294 3306 At
1302 3247 1431 3304 laborare
1443 3245 1661 3319 anthiguitaten.
1677 3245 1696 3298 l.
1715 3254 1773 3301 tex·

996 3347 1057 3392 tum
1072 3336 1272 3392 Armeniacum
1285 3333 1430 3390 annotarit
1451 3331 1548 3404 Majus.
1563 3331 1679 3406 Rumpi.
1700 3349 1773 3406 pro·

206 3421 237 3483 (Ἴ
252 3423 340 3472 Plinius
351 3425 380 3472 ii.
391 3427 420 3473 ti.
435 3425 494 3484 vii,
505 3436 525 3472 s.
536 3426 583 3472 ta:
598 3421 736 3485 Xenophon
746 3427 774 3472 tn
787 3427 891 3488 Pertpio
906 3431 951 3489 Τμ-
996 3424 1126 3479 habiliter
1138 3424 1233 3478 statuit
1248 3423 1278 3476 in
1291 3421 1388 3496 grecis
1401 3419 1483 3474 luisse
1501 3419 1536 3483 ὡς
1550 3415 1595 3474 καί
1610 3415 1774 3476 Ἀπολλόδω-

173 3494 276 3572 Μ
286 3493 383 3570 ΜΨ
395 3504 480 3554 '⁶⁹⁶³‘
491 3495 551 3574 ΜΒ
564 3495 658 3572 afim*
677 3495 709 3572 Ψ
719 3505 799 3556 ”⁰''oe
808 3499 949 3578 mmm!
998 3531 1039 3589 ρος
1051 3507 1132 3587 λέγει.
1143 3509 1279 3583 Idemque
1289 3517 1365 3564 recte
1375 3517 1472 3563 monet
1483 3507 1643 3582 Syncellum
1651 3525 1681 3580 p.
1693 3505 1774 3582 39,B

172 3560 325 3693 amm
331 3561 953 3699 {jxffiffifflfyssffiffezffissffluffig
998 3598 1111 3672 (Berosi
1125 3597 1161 3656 ir.
1172 3597 1206 3673 6)
1219 3598 1252 3653 iis
1266 3615 1328 3670 que
1340 3595 1499 3668 Polyhistor
1511 3612 1527 3649 e
1538 3595 1643 3649 Beroso
1657 3605 1774 3650 notave·

173 3701 449 3764 cavanuanvru,
460 3705 570 3763 naz...
581 3701 816 3764 sermionense
825 3705 952 3766 περίπλοος
997 3698 1034 3740 nr
1047 3703 1192 3759 ⁰PP⁰¹¹0r²
1201 3701 1234 3740 0²
1243 3702 1305 3757 <1²¹²
1316 3683 1352 3738 de
1363 3683 1549 3740 eademnex
1559 3681 1659 3736 eodem
1668 3683 1773 3738 &1⁰⁵⁰

173 3771 286 3832 lentim
297 3773 320 3820 is
328 3773 396 3820 enirn
406 3770 614 3833 Latmiorumit)
625 3782 709 3832 renem
720 3773 874 3832 aetinaenlts
890 3777 952 3825 vitre
996 3773 1136 3828 notaverit
1147 3770 1354 3845 Apollodorus,
1363 3768 1434 3825 adeo
1444 3779 1477 3823 nt
1485 3767 1645 3841 Polyhistor
1654 3786 1702 3823 sua
1714 3785 1774 3822 non

174 3838 378 3890 ‘mmmmm'
390 3841 711 3902 “mmmmm
721 3839 952 3907 “mummium
996 3859 1082 3932 possit
1105 3876 1139 3914 ex
1157 3857 1335 3932 Apollodoro
1352 3864 1494 3910 mutuatus
1513 3872 1580 3910 esse.
1598 3855 1657 3910 Nisi
1677 3853 1771 3922 fallor,

175 3907 461 4038 ᾞῗίξξῖἲῗςὲοξῗῗ
469 3911 859 4041 ffiwnafflfflmff
875 3979 953 4032 um
997 3947 1047 4000 ista
1061 3940 1145 4009 καθὼς
1156 3942 1202 4000 καλ
1218 3941 1408 4020 Ἀπολλόδωρος
1421 3938 1492 4016 λέγει
1505 3959 1539 3996 ex
1550 3941 1639 4015 glossa
1651 3939 1688 3995 ad
1697 3958 1772 3996 mar·

173 4045 331 4108 &athomos
350 4046 431 4096 tridui
442 4049 606 4109 usurpatione
623 4046 739 4096 insolam
756 4059 808 4096 aas
822 4051 954 4101 immam
997 4032 1091 4106 ginem
1110 4031 1224 4088 Eusebll
1243 4031 1382 4103 adscripta
1401 4029 1431 4083 in
1451 4037 1557 4083 textum
1571 4026 1675 4082 deinde
1696 4027 1773 4083 illata

157 4115 382 4177 'willudlisss
395 4117 527 4172 Balciam,
542 4117 636 4166 imilli-
649 4115 766 4166 Eaidtm
778 4116 890 4178 Patiens
900 4123 952 4170 Βο-
997 4130 1071 4177 sunt.
1092 4119 1222 4175 Ceterum
1242 4118 1279 4174 de
1298 4116 1492 4190 Babyloniacis
1513 4115 1588 4170 hisce
1603 4113 1773 4187 Apollodori

172 4184 269 4234 rtteon
276 4187 360 4234 romi.
373 4185 461 4234 Eadem
469 4187 565 4236 solinus
577 4192 649 4236 αττ.

207 4252 300 4302 Plinius
309 4255 357 4314 vt,
369 4267 389 4303 s.
403 4259 432 4303 aa
448 4273 454 4303 ε
468 4257 565 4304 Contra
579 4253 625 4304 iter
637 4265 738 4316 qaoque
749 4258 954 4316 promontorium

176 4321 187 4381 i
194 4333 229 4372 ac.
242 4321 374 4384 Hesperien
383 4325 465 4385 ceras)
476 4321 605 4386 (ἕοτριιάοε
616 4322 711 4372 sinte
721 4327 880 4385 narrantur,
894 4329 953 4376 tior·

173 4403 269 4454 ροπιιοι
280 4391 412 4454 quondam
426 4392 528 4448 domus,
540 4391 613 4442 bidui
624 4395 788 4454 runcatione
798 4393 924 4446 datantes
936 4409 953 4445 α

175 4461 334 4522 continente,
343 4461 464 4512 uttradit
472 4461 612 4524 ,Xenophon
622 4465 819 4524 lampsacenus.
833 4465 954 4513 penetra·

175 4532 304 4580 vitineas
314 4533 408 4582 Hanno
416 4535 553 4587 penarum
561 4534 712 4595 imperator,
718 4531 896 4598 prodiditque,
906 4535 951 4583 etc.

176 4601 239 4656 Quae
256 4605 391 4663 ιοιςυυιιιιιτ
408 4615 440 4651 ex
453 4604 568 4652 Hannone
588 4601 677 4664 setin,
695 4615 724 4650 ea
737 4605 859 4664 umquam
872 4606 953 4652 Xeno-

175 4669 273 4732 phontis
279 4672 443 4722 uenationem
453 4672 523 4721 sileri
533 4671 629 4722 solinus
640 4682 662 4718 ο.
678 4677 724 4731 oo,
738 4671 952 4733 suetanegiigentia

176 4739 282 4788 Plinium
291 4739 475 4791 exscribens·
484 4743 602 4791 Preterea
615 4740 685 4802 huius
693 4740 856 4802 xenophontis
865 4753 953 4790 nomen

176 4805 234 4868 legis
240 4807 456 4860 inte-austoreaad
466 4810 524 4860 Plio.
534 4810 574 4860 lib.
584 4813 689 4860 iiietv.
698 4811 736 4860 (tl.
745 4809 952 4860 salmasiuainso·

177 4873 219 4924 ha.
227 4889 251 4938 ρ.
260 4877 382 4928 ¹7.-Ad
388 4880 575 4942 Lampsacenum
584 4879 823 4941 Xenophiteineaius
831 4879 952 4934 rucanas

176 4957 228 4993 esse
243 4947 314 5008 putat
328 4960 384 5010 que
400 4949 512 5011 teguntur
527 4962 565 5011 ap.
577 4951 688 4998 taetram
704 4948 734 4997 ad
748 4951 805 5010 inc.
823 4953 868 4998 702
883 4968 888 4998 ι
907 4951 952 5000 Καὶ

176 5016 286 5092 {reseda
296 5017 335 5065 οιαὶ
344 5017 415 5081 &epar
424 5019 499 5085 μυρίοι
510 5018 562 5082 περί
571 5024 646 5068 τετοῦ
655 5018 745 5082 Ἀόρνου
758 5019 856 5084 στομίου
863 5021 902 5070 καὶ
912 5025 952 5076 τῆς

179 5085 343 5150 Ασραλτίτιδος
354 5087 432 5152 λίμνης
444 5088 577 5154 ἱστόρησαν.

273 5182 414 5222 macunen
430 5185 520 5227 aaron.
537 5185 576 5221 οιι.
592 5198 617 5208 -
627 5185 680 5220 τοι.
696 5185 730 5224 ιιι.

998 4205 1073 4261 idem
1095 4207 1178 4280 plane
1205 4205 1279 4261 valet
1299 4203 1378 4278 quod
1402 4196 1439 4258 de
1455 4202 1624 4277 AEgyptiacis
1646 4198 1770 4270 ejusdem

998 4295 1119 4354 auctoris
1130 4292 1166 4348 ad
1177 4293 1374 4351 Manethonem
1387 4291 1553 4345 notavimus.

1295 4567 1475 4596 *om-
