3886 5740
209 331 267 384 δύο
717 318 958 380 ὃῦῖὶῖΠῸΒῦΜ
983 319 1089 378 urat!
1111 317 1289 380 canumet

206 448 399 528 γιγνώσκοντας
428 447 505 526 λόγον
532 445 663 530 πιίνσορον
693 449 772 517 διῖξαι
802 450 929 520 σπεύδειν,
952 453 986 518 όις
1402 459 1430 516 6.

211 539 282 616 μόνῳ
296 535 328 594 δν
339 539 378 615 τῷ
392 539 464 616 σορῷ
477 535 572 614 πρίποι
586 537 702 616 ίστορίαν
716 537 881 618 συγγριίρειν.
919 529 985 598 Εἶτα

210 623 278 699 perd
293 625 385 704 μικρὸν
400 624 478 690 ἄλλος
492 623 679 702 συλλογισμὸς,
692 613 747 682 εἶτα
763 623 852 691 όλλος·
866 622 986 690 καλόλυις
1071 624 1149 680 idem
1161 643 1187 682 c.
1205 641 1239 698 19
1252 641 1260 681 ι
1280 617 1372 694 Ἄλλος
1389 642 1428 686 τις
1445 618 1560 685 ἀοίδιμος
1573 621 1616 677 ἐπὶ
1630 620 1718 698 λόγων
1729 621 1817 680 δυσί,
1928 603 1929 676 ί

209 713 236 768 ἐν
255 709 354 770 ἅπαντι
375 710 493 790 σχήματι
516 709 684 790 συνηρώτητο
706 711 778 790 αὐτῷ
792 709 822 768 τὸ
840 711 983 789 προοίμιον.
1032 707 1366 788 μειθουκυδίδῃκαλαύτδς
1376 707 1462 784 ὅμοιος
1472 705 1489 777 ἢ
1501 707 1580 786 όλίγῳ
1590 707 1706 785 ιἰμείνιιν
1716 711 1816 786 αὐτοῦ,

208 796 249 856 Τό
269 801 315 869 τῆς
333 799 471 866 κολακείας
484 801 509 865 ἐς
522 795 607 876 κόρον,
630 797 674 854 καὶ
692 795 726 856 cd
744 796 862 874 ἐγκώμια
876 795 985 878 ραρτικδ
1031 797 1118 862 πόσας
1138 797 1225 862 πόλεις
1243 795 1287 854 καλ
1301 795 1388 853 πάντα
1401 795 1448 874 όρη
1465 794 1508 852 καί
1528 795 1604 853 πεδία
1617 796 1662 854 καῖ
1673 796 1818 871 ποταμούς

211 885 256 943 καλ
281 889 376 962 κομιδῆ
402 887 590 966 βωμολοχικὰ,
612 887 660 944 οὐκ
681 885 855 962 ἀσυλλόγιστα
880 887 984 962 μέντοι,
1031 881 1313 964 όρμηνιύααςπρδςτδ
1332 881 1494 962 σσρίστατον
1515 885 1560 940 καλ
1576 883 1763 960 ἰσχυρότατον.
1779 888 1816 950 ὣς

207 973 276 1032 ἀλλὰ
288 974 493 1052 συνηρωτημένα
505 975 623 1034 κάκεῖνα.
643 974 698 1034 itai
711 972 762 1050 μὴν
777 977 882 1032 κάκεῖνο
896 995 983 1054 ρορτι-
1030 970 1110 1052 ᾤετο·
1128 969 1158 1028 τδ
1173 968 1200 1028 δέ
1212 972 1238 1036 ἐς
1251 971 1349 1049 ἐχθρῶν
1370 969 1510 1049 κιραλδςό
1524 968 1674 1038 ἀλεξίκακος
1688 969 1816 1051 τρίψειε·
1928 1005 1929 1016 ι

207 1060 252 1118 κδν
267 1059 338 1129 ίδοξί
353 1083 398 1137 μοι
411 1059 457 1118 καλ
478 1064 549 1138 σορῷ
571 1059 645 1138 ἀνδρὶ
659 1059 704 1118 καὶ
718 1059 825 1136 πώγωνι
839 1061 923 1140 πολιῷ
939 1059 984 1118 καλ
1029 1057 1143 1131 τοσαύτη
1158 1055 1291 1138 ψυχρότης
1310 1059 1369 1128 ίνῆν
1380 1057 1447 1138 δπέρ
1466 1057 1514 1129 τὴν
1537 1058 1661 1118 Κασπίαν
1674 1059 1754 1137 χιόνα
1766 1061 1815 1116 καὶ

211 1151 287 1226 βαδτῖ
303 1149 413 1226 πρίπον,
429 1149 458 1206 τὸ
471 1149 497 1206 ἐν
510 1149 547 1228 τῷ
569 1147 698 1227 προοιμίῳ
712 1148 793 1206 είπιῖν
806 1150 841 1214 ὥς
856 1145 984 1226 ίίῑίρῑτῦῖ
1029 1156 1073 1212 τὸν
1086 1152 1245 1233 κρύσταλλον
1255 1151 1298 1212 τδν
1311 1151 1444 1213 Κελτικόν.
1460 1151 1495 1212 ‘H
1507 1158 1568 1229 γῶν
1579 1153 1657 1220 doni<
1670 1158 1687 1223 ἡ
1701 1159 1748 1211 τοῖ’
1760 1159 1816 1211 αδ-

209 1239 286 1294 τοῦτο
297 1235 347 1306 ίξιι
365 1240 380 1294 ό
395 1235 521 1314 ἡμίτομος
538 1233 637 1315 ἄρχων,
651 1225 681 1294 οὗ
701 1255 731 1313 γ·
754 1235 799 1302 τίς
816 1233 922 1314 πρᾶίῑῑς
940 1234 985 1292 καὶ
1029 1243 1187 1322 τοκρότορας
1199 1240 1254 1320 όλερ
1275 1239 1368 1319 βιόλίῳ
1388 1238 1461 1316 μόγις
1473 1237 1650 1319 ἐξηρμηνεύθη
1664 1241 1751 1319 αὐτῷ,
1765 1241 1815 1298 καὶ

210 1322 347 1400 φιλόσοφοι
361 1321 412 1393 ἤδη
431 1321 587 1402 συγγράφειν
607 1319 720 1390 ἀξιοῦσι·
741 1321 772 1380 τὸ
793 1321 844 1402 γὰρ
859 1325 983 1392 τοιοῦτον,
1030 1327 1136 1408 Γοργὼν
1153 1328 1195 1386 ieri
1217 1332 1263 1385 τοῦ
1276 1327 1394 1407 ὀμφαλοῦ
1413 1327 1458 1384 καὶ
1479 1329 1504 1386 οἱ
1525 1327 1654 1410 ἐρδαλμολ
1676 1331 1761 1398 αὐτῆς
1785 1332 1816 1386 ἐκ

207 1405 280 1486 είπερ
296 1408 362 1487 ἄρα,
385 1410 449 1485 ἡμῖν
472 1409 523 1468 ἐδτι
545 1409 699 1468 καταλιπεῖν
717 1409 861 1486 λογίζεσθαι
874 1406 891 1478 ἦ
907 1408 984 1466 αὐτὸν
1029 1421 1125 1476 κυανοῦ
1140 1415 1184 1474 nai
1196 1417 1289 1474 λευκοῦ
1307 1414 1352 1473 καὶ
1364 1415 1473 1492 μέλαυος
1486 1413 1531 1472 καῖ
1547 1413 1614 1486 ζώνη
1627 1415 1751 1493 ἰριοειδὴς
1766 1417 1815 1472 καῖ

207 1497 299 1556 εἰπεῖν.
1029 1501 1166 1583 δράκοντες
1177 1501 1296 1572 ἐλικηδδν
1309 1501 1354 1560 καλ
1366 1499 1554 1582 βοστρυχηδόν.
1567 1501 1601 1564 Ἡ
1616 1501 1663 1578 μέν
1672 1501 1725 1582 γδρ
1736 1505 1814 1562 Οὐα-

246 1581 352 1660 Ὀνομα
367 1584 394 1642 ίν
407 1585 499 1664 δρανιῖ
520 1583 614 1642 mictu
628 1591 637 1656 1
653 1588 807 1646 Hermann.
823 1605 833 1640 .·
850 1611 862 1636 ι
876 1589 928 1643 Vix
939 1605 985 1642 rne
1029 1591 1136 1669 λογίμου
1147 1587 1313 1670 ἐναξυρλςῆό
1323 1589 1429 1668 χαλινδς
1435 1593 1481 1648 τοῦ
1490 1588 1581 1660 ίππου,
1592 1589 1742 1669 Ἡρόιλεις,
1749 1592 1815 1649 ὅσαι

205 1673 337 1728 aberrare
346 1691 363 1727 a
372 1673 665 1740 veroarbitrnr,hunc
675 1673 904 1748 philosophumsi
915 1691 984 1728 eun·
1030 1679 1152 1760 μυριάδες
1169 1681 1238 1736 ἐπιῖιν
1252 1676 1361 1736 ίκαστον
1377 1676 1486 1752 τούτοιν,
1499 1677 1544 1736 καλ
1556 1676 1598 1736 oin
1609 1668 1641 1748 ἦν
1660 1681 1677 1746 ἡ
1695 1677 1815 1757 Ὀσρόου

207 1761 272 1816 dern
287 1777 344 1814 esse
355 1761 469 1816 credam
484 1779 548 1816 curn
563 1762 623 1830 ilio,
639 1759 718 1832 cnjus
731 1763 760 1815 in
770 1761 902 1832 Eunucho
914 1779 984 1834 quo·

206 1864 262 1920 que
277 1864 304 1902 c.
326 1863 360 1900 ιο
372 1847 483 1902 udentia
494 1846 720 1920 pratereundum
729 1865 786 1904 esse
796 1867 899 1904 nomen
915 1867 985 1904 cen-

205 1935 278 2002 suit;
295 1951 381 2006 quern
398 1935 519 2002 scilicet,
535 1935 593 1990 sive
605 1935 643 1990 ob
666 1935 788 2008 reliquas
808 1935 868 2008 ejus
880 1937 985 2010 ingenii

206 2021 297 2090 dotes,
310 2022 367 2076 sire
379 2021 458 2094 quod
469 2023 491 2076 is
502 2039 603 2095 magna
611 2019 688 2095 apud
701 2039 833 2094 proceres
847 2022 984 2095 quosdam

206 2105 277 2162 farne
304 2116 332 2162 ct
357 2108 524 2163 auctoritate
545 2109 682 2182 polleret,
709 2121 809 2166 notare
833 2111 863 2164 in
884 2111 985 2184 vulgus

206 2194 346 2250 Luciacus
354 2195 451 2252 nollet.
464 2219 475 2243 ι
491 2195 617 2250 Stoicum
631 2213 688 2251 esse
699 2207 785 2271 patet.

582 2333 610 2392 5.

245 2463 324 2518 idem
334 2481 360 2520 c.
374 2463 408 2517 18
425 2481 432 2520 :
447 2460 501 2521 itai
513 2459 565 2538 μὴν
576 2461 628 2520 οὐδ’
641 2464 740 2520 ἐκείνου
749 2461 819 2520 όσιον
829 2463 983 2538 ἀμνημονῆ-

205 2569 268 2622 σαι,
279 2545 305 2611 δς
318 2546 418 2605 τοιόνδε
435 2548 521 2628 ἀρχὴν
532 2547 643 2629 ἤρξατο·
656 2575 668 2604 ι
683 2547 819 2629 Ἔρχομαι
835 2549 913 2628 ἐρίων
924 2549 984 2627 περὶ

204 2633 349 2710 Ῥωμαίων
369 2633 414 2692 καλ
432 2635 556 2714 tinctura
570 2661 594 2712 a,
610 2636 655 2695 καλ
669 2637 760 2715 μικρὸν
772 2636 912 2714 ὕστερον-ι
929 2635 983 2696 ίδιε

205 2719 256 2799 γὰρ
265 2718 383 2798 Πίρσῃσι
395 2720 512 2797 γενέσθαι
520 2725 638 2801 κακῶς»,
646 2723 690 2782 καί
700 2716 853 2795 mdiu-ndu
860 2723 983 2804 Ὀσρόης,

204 2807 248 2864 τὸν
262 2809 285 2865 οἱ
297 2806 427 2879 Ἕλληνες
437 2809 564 2889 Ὀξυρόην
574 2810 743 2886 ὀνυμίουσι,ι
758 2812 803 2870 καλ
815 2811 883 2868 dita
898 2810 983 2870 πολλδ

204 2899 324 2956 τοιαῦτα.
338 2893 433 2975 Ὁρδςς
449 2897 537 2970 ὅμοιος
553 2897 628 2970 αύτδς
643 2899 732 2978 ἐιιιίνῳ
737 2945 745 2971 ,
759 2899 821 2976 παρ’
835 2897 895 2956 ὅσον
907 2903 921 2958 ό
936 2897 983 2974 μίν

202 2981 367 3059 θουκυδίδῃ,
381 2957 453 3049 ούτος
465 2981 491 3040 δέ
505 2981 638 3062 Ἡροδότῳ
654 2977 682 3042 εὖ
698 2985 771 3060 μάλα
783 2983 868 3064 ἐῴκει.

203 3148 284 3208 riodo,
299 3149 484 3210 interrogatione
497 3161 619 3210 εςςτοιιιιε
628 3153 665 3198 est
678 3151 779 3198 tectores
791 3161 862 3208 suos,
876 3147 982 3198 studuit-

201 3237 251 3286 que
263 3224 461 3287 sapientissimam
471 3225 589 3274 rationem
605 3223 744 3285 ostendere,
753 3225 831 3274 scium
844 3238 930 3286 nempe
944 3237 983 3274 aa·

204 3303 309 3363 picatum
318 3301 403 3352 decere
412 3302 537 3352 historiam
547 3301 659 3352 scribae.
670 3301 761 3351 Deinde
772 3302 852 3363 pauito
863 3303 916 3364 posi
925 3301 984 3351 atius

201 3379 366 3440 syllogismus,
377 3391 435 3428 mox
444 3379 520 3440 aiiue;
530 3393 603 3428 omne
614 3379 718 3440 denique
728 3377 853 3428 exordium
864 3391 907 3440 per
918 3391 984 3439 quee-

201 3456 291 3504 stiouee
308 3455 464 3517 syllogisticae
482 3457 507 3504 in
521 3457 587 3504 urani
603 3456 679 3518 figura
692 3455 809 3516 digestum
821 3457 881 3504 erat.
894 3455 982 3504 Adula-

201 3532 261 3582 tioni
273 3543 349 3594 usque
358 3532 388 3580 ad
398 3543 511 3582 nauseam
524 3533 663 3592 studueram
674 3531 757 3582 laudes
771 3533 915 3594 importune
923 3543 982 3594 qua-

203 3610 287 3670 iecque
304 3621 335 3656 nc
354 3621 460 3656 scurram
477 3608 575 3670 quidem
589 3608 715 3670 decerent;
733 3621 874 3671 quanquam
889 3621 921 3658 nc
936 3608 983 3656 ittae

201 3684 299 3746 quidem
308 3685 449 3746 sytiogismis
459 3689 582 3748 expertes,
595 3685 637 3736 sed
649 3686 678 3734 ad
690 3687 873 3748 argumentandi
884 3687 982 3736 conciu-

201 3761 321 3825 riendique
332 3763 396 3824 teges
406 3761 451 3812 rite
459 3766 485 3812 et
494 3763 550 3825 ipsae
560 3766 706 3826 compositae.
718 3769 809 3815 Verum
819 3766 878 3816 titud
887 3779 983 3830 quoque

201 3839 378 3901 putidissimum
395 3841 453 3889 mitri
471 3841 550 3890 ιῖευιιι
566 3843 616 3902 est,
633 3845 658 3892 et
676 3842 741 3904 quod
757 3842 857 3892 minime
875 3843 983 3892 decuerit

201 3918 369 3980 ptriiosophum
387 3919 534 3982 barbamque
550 3932 635 3968 canam
649 3925 674 3970 et
697 3921 853 3982 promissam,
875 3920 940 3982 quod
958 3921 983 3970 in

200 3994 299 4044 exordio
310 3995 425 4044 eximium
437 3996 495 4046 iliud
505 3997 606 4058 principi
614 3999 696 4047 nustm
709 3997 823 4047 accidisse
831 3997 906 4056 dixit,
918 3998 982 4058 quod

200 4085 238 4120 res
251 4073 303 4133 eius
317 4076 394 4135 gestas
403 4074 453 4135 iam
474 4073 607 4136 ptriloaopiri
621 4087 718 4137 quoque
734 4075 884 4124 conscribere
899 4073 981 4136 digna·

201 4155 293 4201 rentur.
312 4153 370 4202 Τοῖα
386 4153 443 4214 quid
458 4153 537 4214 enim,
548 4153 567 4202 si
586 4155 658 4204 ruodo
674 4167 732 4204 vere
747 4153 794 4204 dici
808 4154 898 4216 potuit,
913 4153 983 4202 uobis

201 4229 280 4289 'totius
294 4229 480 4280 existimandum
495 4229 628 4293 relinquas
639 4245 713 4293 quam
725 4233 800 4294 ipsum
816 4229 896 4280 dicere
908 4243 980 4293 opor·

200 4305 275 4354 renat.

581 4390 608 4440 5.

231 4472 314 4530 licque
325 4470 387 4519 iiiius
398 4471 564 4520 immemorem
575 4485 626 4521 esee
638 4472 673 4521 tas
681 4471 728 4532 sit,
744 4473 786 4534 qui
796 4471 838 4520 tuti
848 4473 916 4521 initio
924 4485 982 4520 usus

199 4549 256 4593 est:
278 4549 353 4596 Vento
372 4547 491 4598 dicturus
511 4547 542 4598 dc
562 4552 684 4599 Romanis
702 4552 727 4597 ct
744 4552 840 4609 Persis,
859 4552 884 4598 et
901 4548 981 4610 peutto

200 4625 253 4681 post
263 4641 268 4669 :
280 4622 390 4672 Docebat
398 4627 466 4672 enim
477 4627 562 4672 Persic
570 4625 638 4674 mute
646 4629 756 4682 euenire,
766 4629 790 4674 et
800 4639 883 4673 rursus
894 4645 900 4673 :
912 4628 980 4674 Erat

203 4700 302 4756 (tsroes,
312 4712 389 4760 quem
401 4703 484 4749 σκαιοί
497 4699 634 4762 Oxprnocn
645 4705 768 4762 vocitant,
780 4705 804 4751 ei
816 4702 863 4750 etia
873 4701 896 4749 id
906 4714 980 4762 genus

201 4773 284 4820 ιιιιιΙῑιι.
299 4775 383 4823 Viden'
393 4779 403 4822 i
412 4777 547 4826 simillimus
557 4777 595 4826 iric
610 4778 642 4826 itii
656 4779 759 4839 (dequo
769 4778 873 4827 secando
883 4779 936 4826 Ιοοο
945 4777 980 4826 di·

201 4851 267 4896 ιιιιιιιι
275 4851 310 4897 est
318 4851 341 4909 );
352 4852 395 4900 nisi
405 4854 469 4913 quod
480 4853 680 4916 isTiiucydidem,
691 4855 729 4904 iric
738 4858 819 4905 autem
832 4855 978 4905 iterodotmn

200 4927 379 4984 qnamrnaaime
389 4929 514 4979 referebat.

232 5085 312 5148 Atius,
330 5090 373 5150 qui
391 5091 452 5140 tante
469 5015 603 5142 celebrates
619 5097 678 5143 essct
694 5095 725 5144 uir
741 5095 833 5143 dicendi
853 5095 976 5156 peritiora,

1029 1769 1114 1842 κόμη,
1136 1763 1278 1830 διανέοντος
1287 1763 1331 1823 vta
1346 1763 1481 1844 Τίγρητα,
1495 1765 1540 1822 καλ
1550 1766 1575 1830 ἐς
1588 1756 1640 1823 οἷον
1651 1766 1745 1844 όντρον
1762 1787 1815 1823 κα-

1029 1853 1133 1934 τίρυγι,
1142 1857 1229 1910 κιττοῦ
1239 1853 1282 1910 καλ
1293 1851 1416 1930 μυρρίνης
1424 1853 1468 1910 καλ
1477 1853 1575 1933 δείρνης
1581 1853 1607 1918 ἐς
1613 1852 1695 1910 ταύτὸ
1705 1874 1813 1928 συμπε-

1029 1940 1147 2019 φυκότων
1161 1939 1206 1997 καλ
1218 1939 1322 1998 σύσκιον
1338 1937 1451 2018 όκριόῶς
1464 1936 1606 1996 ποιούντων
1618 1938 1692 1998 atat.
1707 1941 1814 1998 Σκόπει

1029 2033 1064 2095 ὡς
1078 2027 1208 2104 ἀναγκαῖα
1223 2025 1367 2105 τῇίστορίιρ
1381 2031 1479 2099 ταῦτα,
1491 2016 1528 2083 ὧν
1545 2025 1606 2084 ἄνευ
1625 2027 1671 2084 ούκ
1691 2026 1725 2084 δν
1741 2027 1814 2106 ᾔδει-

1030 2115 1077 2192 μίν
1093 2139 1118 2175 τι
1132 2117 1183 2174 τῶν
1197 2117 1254 2172 ἐκεῖ
1268 2113 1446 2194 πραχθίντιιν.

1072 2225 1119 2264 ao.
1147 2201 1216 2262 Ὑπὸ
1245 2199 1296 2280 γδρ
1319 2201 1451 2268 ἀσθενείας
1473 2205 1519 2270 viic
1544 2205 1571 2260 ἐν
1593 2209 1646 2268 τοῖς
1667 2202 1817 2282 χρησίμοις

1031 2290 1048 2362 ἢ
1060 2289 1164 2366 ἀγνοίας
1173 2291 1227 2348 τῶν
1250 2290 1363 2348 tractos
1376 2290 1419 2348 ἐπὶ
1433 2287 1480 2354 τδις
1499 2289 1620 2355 τοιαύτας
1636 2292 1689 2348 τῶν
1703 2290 1815 2368 χοιρίων

1031 2379 1075 2437 καλ
1087 2377 1187 2455 όντροιν
1202 2375 1338 2457 ἐκρροίσεις
1351 2375 1505 2452 τρέπονται,
1517 2377 1561 2434 καὶ
1573 2377 1671 2435 ὁπόταν
1686 2379 1713 2442 ἐς
1722 2378 1813 2434 πολλὰ

1030 2465 1074 2526 καὶ
1089 2465 1192 2542 μιγιίλα
1202 2464 1346 2542 πράγματα
1356 2465 1515 2540 ἐμπέσωσιν,
1528 2463 1642 2522 ἐοίκασιν
1652 2463 1743 2542 οέκέτῃ
1754 2487 1814 2522 νεο-

1030 2551 1150 2630 πλούτῳ,
1166 2551 1225 2630 ιίρτι
1247 2551 1471 2630 κληρονομήσαντι
1488 2555 1533 2609 τοῦ
1556 2552 1695 2623 δεσπόσω,
1710 2552 1739 2618 t<
1752 2553 1815 2610 ούτε

1030 2634 1076 2706 τὴν
1090 2639 1185 2709 ἐσθῆτα
1198 2629 1265 2697 οἶδεν
1282 2641 1317 2704 ὥς
1330 2637 1381 2718 χρὴ
1395 2637 1583 2718 sepontinum
1596 2639 1656 2698 ούτε
1670 2641 1815 2711 δειπνῆσαι

1031 2725 1099 2782 κατδ
1112 2726 1202 2802 νόμον,
1228 2725 1286 2784 ἀλλ’
1300 2726 1473 2803 ἐμπηδήσας,
1495 2729 1622 2793 πολλάκις
1635 2727 1746 2806 όρνίδιιιν
1763 2729 1812 2785 καῖ

1031 2810 1123 2869 συείων
1154 2813 1199 2871 καλ
1219 2811 1330 2894 λαγῴων
1357 2813 1545 2892 προκειμένοιν,
1576 2813 1814 2892 ὑπερεμπίπλαται

1030 2897 1115 2965 {meuc
1128 2899 1195 2975 τινὸς
1215 2900 1232 2970 ἣ
1256 2901 1397 2979 ταρίχους,
1422 2899 1473 2960 ἐστ’
1496 2900 1528 2960 δν
1550 2903 1680 2980 διαρραγῇ
1704 2903 1813 2962 ἐσθίειν.

1031 2978 1113 3052 Οὗτος
1125 2988 1148 3044 δ’
1163 2979 1218 3064 σύν,
1231 2986 1262 3065 Ιδν
1281 2995 1417 3068 προεῖπον,
1438 2987 1484 3046 ani
1499 2987 1639 3066 τραύματα
1662 2989 1815 3070 συνίγραψε

1028 3149 1302 3214 ΤΙιιιτγόῖιῖῖεέἰριοιτέ
1313 3153 1403 3213 perrel
1412 3152 1816 3215 pautiouuperior,oppidaotuuia
1928 3209 1929 3214 ,

1027 3239 1158 3288 omoeoque
1170 3231 1279 3286 montes,
1293 3241 1403 3291 campos,
1416 3229 1502 3279 iiuvios
1515 3229 1673 3292 descripserat
1682 3231 1814 3280 occuratis·
1928 3237 1929 3276 ι

1027 3304 1087 3353 sime
1099 3307 1379 3368 etgravissinre,uisib1
1391 3308 1488 3370 quidem
1504 3308 1644 3368 videbatur;
1655 3308 1679 3358 id
1696 3322 1756 3358 rere
1766 3311 1814 3360 iro·

1027 3383 1099 3430 etiam
1110 3383 1134 3432 in
1144 3383 1221 3445 capita
1231 3389 1384 3434 Auerruncus
1392 3387 1533 3434 convertatt
1544 3387 1641 3434 tantum
1650 3385 1729 3435 inerat
1738 3387 1815 3448 trigue
1928 3355 1929 3384 ί

1027 3459 1125 3522 caspica
1135 3461 1190 3510 nive
1199 3461 1223 3510 et
1232 3461 1306 3522 giacie
1316 3461 1407 3512 celtica
1419 3461 1591 3511 vetruocnrius
1608 3463 1647 3512 Sic
1659 3462 1738 3524 clypei
1756 3465 1812 3512 t'eri

1032 3539 1186 3599 imperatoris
1203 3538 1386 3602 descriptionem
1401 3551 1449 3588 uno
1467 3539 1589 3589 volumine
1602 3541 1644 3590 riu
1657 3541 1811 3603 circuiverat,

1027 3615 1106 3677 quatis
1116 3617 1197 3678 Gorgo
1210 3615 1234 3664 in
1248 3615 1379 3678 ambitioo,
1393 3617 1492 3679 ciamus
1503 3617 1567 3667 ocuti
1581 3619 1708 3676 eccernteo
1719 3622 1745 3669 et
1756 3619 1814 3668 atho

1027 3693 1141 3755 nimoque
1158 3695 1299 3756 compositi,
1315 3695 1410 3744 balteus
1429 3699 1510 3744 autern
1528 3696 1594 3745 iridis
1613 3697 1697 3746 coiere
1713 3697 1814 3759 insignis

1026 3769 1187 3832 draconesque
1199 3785 1241 3833 per
1249 3773 1325 3834 spiras
1335 3775 1360 3822 et
1371 3773 1494 3822 cincinnos
1504 3773 1594 3823 intorti.
1604 3774 1717 3836 Voiogesi
1727 3780 1811 3826 ειιῖοιιι

1028 3849 1189 3898 Perticarum
1200 3851 1267 3910 repta
1285 3850 1380 3900 braccae
1395 3851 1482 3913 equire
1498 3853 1606 3912 tranum,
1622 3853 1740 3903 tiercuiee
1750 3858 1814 3916 quot

1027 3926 1329 3996 versuummiiiiaittorum
1339 3927 1530 3990 unumquodque
1539 3928 1679 3990 occupavit!
1693 3931 1814 3992 etquaicu

1028 4003 1130 4052 visisint
1142 4001 1223 4052 osrois
1234 4003 1328 4065 capitii,
1347 4017 1424 4065 quum
1440 4005 1521 4064 Tigrin
1538 4003 1578 4054 iiie
1593 4007 1772 4068 uanurataret,
1786 4013 1813 4058 et

1026 4081 1051 4129 in
1064 4081 1136 4142 quate
1145 4093 1229 4142 specus
1240 4081 1372 4140 contugerit
1386 4080 1473 4130 ireiera
1482 4083 1610 4144 myrtoque
1621 4085 1646 4130 ct
1661 4082 1732 4132 lauro
1744 4085 1811 4134 ohsi-

1026 4161 1093 4214 tum,
1105 4169 1161 4218 quae
1169 4169 1246 4218 quum
1258 4157 1283 4205 in
1293 4170 1367 4206 unum
1377 4157 1536 4216 coaluissent,
1548 4159 1661 4207 umbram
1673 4158 1708 4208 iiii
1719 4159 1810 4210 densis·

1024 4233 1110 4281 simam
1123 4232 1270 4281 inducerent.
1285 4235 1339 4282 Jem
1357 4233 1415 4281 mitri
1426 4233 1494 4294 vide,
1505 4243 1578 4295 quarn
1588 4233 1631 4283 iiia
1646 4233 1754 4286 historie
1769 4251 1810 4286 ne·

1026 4312 1140 4371 cesserim
1156 4323 1211 4372 quuc
1230 4311 1274 4360 uisi
1293 4311 1470 4361 accuratissime
1485 4311 1611 4373 deacriptoe
1629 4316 1727 4376 essem,
1749 4315 1809 4365 ninii

1025 4390 1156 4452 quidquam
1168 4401 1292 4440 ιιοεεειοιιο
1301 4402 1385 4438 earum
1398 4403 1454 4451 quac
1467 4391 1516 4440 iitic
1524 4395 1590 4452 qesta
1599 4394 1664 4441 cunt

1055 4472 1200 4530 Numquam
1214 4467 1451 4528 interiturarum,
1465 4481 1539 4530 quam
1554 4472 1581 4519 ut
1595 4471 1664 4520 utitis
1679 4474 1747 4522 recte
1759 4475 1810 4522 tra·

1025 4549 1090 4596 ctare
1099 4552 1203 4609 queant,
1216 4559 1261 4596 nec
1275 4559 1303 4596 ea
1317 4560 1373 4608 quae
1389 4551 1499 4610 oporteat
1517 4548 1579 4609 dici,
1590 4549 1685 4611 norim,
1696 4551 1726 4599 ad
1743 4552 1810 4613 eius·

1025 4626 1089 4674 modi
1105 4637 1156 4676 sese
1173 4627 1265 4675 situum
1281 4627 1454 4687 antrorumque
1464 4626 1637 4689 descriptiones
1647 4630 1807 4680 οσοτειμιιιε.

1024 4708 1071 4762 Qut
1087 4705 1215 4767 siquando
1233 4705 1258 4754 in
1274 4717 1371 4768 magam
1384 4719 1422 4754 res
1437 4706 1528 4755 mattas
1542 4709 1640 4768 repente
1655 4707 1808 4770 inciderunt,

1023 4785 1112 4834 sinaites
1121 4799 1146 4834 ce
1159 4787 1273 4846 praetant
1287 4797 1371 4844 cervo,
1381 4784 1411 4833 ad
1425 4797 1499 4846 quem
1512 4784 1583 4834 modo
1595 4785 1715 4835 increditus
1729 4801 1746 4835 a
1764 4787 1809 4836 do·

1024 4862 1090 4910 inico
1099 4863 1182 4922 rediit,
1192 4861 1331 4910 divitiarum
1340 4861 1419 4910 adbuc
1428 4865 1536 4922 insueto,
1546 4865 1587 4923 qui
1597 4875 1643 4910 uec
1651 4865 1744 4911 reatem
1761 4877 1807 4912 no·

1026 4939 1057 4986 rit
1068 4939 1273 5000 «quenadmodum
1283 4939 1380 4999 injicere
1388 4941 1513 5000 oporteat,
1523 4951 1567 4987 neo
1575 4939 1657 4988 cibum
1666 4939 1712 4989 soit
1720 4953 1807 5002 capiere

1024 5018 1068 5065 rite
1079 5021 1104 5066 et
1119 5031 1149 5065 ex
1161 5017 1244 5066 ordine
1253 5053 1259 5074 ,
1268 5017 1309 5066 scd
1321 5031 1398 5078 saepe,
1416 5018 1520 5076 reiictia,
1530 5018 1550 5066 si
1559 5031 1615 5078 queo
1624 5019 1739 5080 appositae
1747 5023 1805 5067 wat

1023 5095 1090 5143 attic·-
1099 5107 1229 5157 carnesque
1240 5095 1316 5143 scritta*
1324 5095 1361 5143 ιὀΙ
1372 5095 1498 5157 leporium,
1508 5097 1531 5144 in
1543 5095 1695 5156 paimoniam
1704 5097 1805 5159 aliquod
